date,price,bid,ask,bidSize,askSize
2022-06-18 11:20:00.043838978,1007.3,1007.2,1007.3,11.05,55.413
2022-06-18 11:20:00.061846256,1007.3,1007.2,1007.3,11.05,42.564
2022-06-18 11:20:00.121831894,1007.3,1007.2,1007.3,10.997,61.648
2022-06-18 11:20:00.183531284,1007.2,1007.1,1007.3,5.169,61.648
2022-06-18 11:20:00.217657089,1007.2,1007.2,1007.3,0.048,56.548
2022-06-18 11:20:00.276362896,1007.2,1007.1,1007.2,5.169,15.191
2022-06-18 11:20:00.327292681,1007.2,1007.1,1007.2,5.169,70.744
2022-06-18 11:20:00.350747585,1007.2,1007.1,1007.2,8.815,74.738
2022-06-18 11:20:00.372775793,1007.2,1007.1,1007.2,8.815,78.732
2022-06-18 11:20:00.396535397,1007.2,1007.1,1007.2,8.815,74.738
2022-06-18 11:20:00.422562838,1007.2,1007.1,1007.2,8.815,85.145
2022-06-18 11:20:00.498459816,1007.2,1007.1,1007.2,8.815,77.157
2022-06-18 11:20:00.521994352,1007.2,1007.1,1007.2,8.815,62.942
2022-06-18 11:20:00.548066854,1007.2,1007.1,1007.2,17.93,62.942
2022-06-18 11:20:00.630767584,1007.2,1007.1,1007.2,17.93,68.109
2022-06-18 11:20:00.680306673,1007.2,1007.1,1007.2,17.93,62.942
2022-06-18 11:20:00.727612495,1007.2,1007.1,1007.2,24.93,62.942
2022-06-18 11:20:00.879592896,1007.2,1007.1,1007.2,17.93,62.942
2022-06-18 11:20:00.952717304,1007.2,1007.1,1007.2,16.284,62.942
2022-06-18 11:20:01.077682018,1007.2,1007.1,1007.2,17.93,62.942
2022-06-18 11:20:01.406360388,1007.2,1007.1,1007.2,17.93,42.507
2022-06-18 11:20:01.486242294,1007.2,1007.1,1007.2,17.93,43.007
2022-06-18 11:20:01.536484718,1007.2,1007.1,1007.2,17.93,55.422
2022-06-18 11:20:01.587770700,1007.2,1007.1,1007.2,15.93,55.422
2022-06-18 11:20:01.882112026,1007.2,1007.1,1007.2,16.012,55.422
2022-06-18 11:20:02.056624174,1007.2,1007.1,1007.2,16.012,43.007
2022-06-18 11:20:02.182013988,1007.2,1007.1,1007.2,16.012,55.476
2022-06-18 11:20:02.508744,1007.2,1007.1,1007.2,16.012,55.976
2022-06-18 11:20:02.738406897,1007.2,1007.1,1007.2,14.366,55.976
2022-06-18 11:20:02.766061068,1007.2,1007.1,1007.2,5.251,55.976
2022-06-18 11:20:02.797066927,1007.2,1007.1,1007.2,0.088,65.045
2022-06-18 11:20:02.840663433,1007.1,1007.0,1007.2,5.489,97.693
2022-06-18 11:20:02.905317545,1007.1,1007.0,1007.1,5.19,41.813
2022-06-18 11:20:02.939699173,1007.1,1007.0,1007.1,5.19,77.142
2022-06-18 11:20:02.959312916,1007.1,1007.0,1007.1,5.19,57.95
2022-06-18 11:20:02.982168913,1007.1,1007.0,1007.1,5.19,77.472
2022-06-18 11:20:03.021893740,1007.1,1007.0,1007.1,7.19,68.357
2022-06-18 11:20:03.045023918,1007.1,1007.0,1007.1,8.836,57.95
2022-06-18 11:20:03.145102501,1007.1,1007.0,1007.1,8.836,59.936
2022-06-18 11:20:03.166805029,1007.1,1007.0,1007.1,8.836,60.496
2022-06-18 11:20:03.314388037,1007.1,1007.0,1007.1,8.836,54.516
2022-06-18 11:20:03.413076162,1007.1,1007.0,1007.1,8.836,72.017
2022-06-18 11:20:03.438708544,1007.1,1007.0,1007.1,8.836,82.424
2022-06-18 11:20:03.461951494,1007.1,1007.0,1007.1,8.836,72.017
2022-06-18 11:20:03.488051891,1007.1,1007.0,1007.1,8.836,68.047
2022-06-18 11:20:03.537899733,1007.1,1007.0,1007.1,8.836,68.547
2022-06-18 11:20:03.713485718,1007.1,1007.0,1007.1,8.836,69.487
2022-06-18 11:20:03.766722202,1007.1,1007.0,1007.1,7.19,69.487
2022-06-18 11:20:03.861866951,1007.1,1007.0,1007.1,7.163,69.487
2022-06-18 11:20:03.911887169,1007.1,1007.0,1007.1,5.163,69.487
2022-06-18 11:20:03.993104458,1007.0,1006.9,1007.1,0.001,89.542
2022-06-18 11:20:04.022912979,1007.0,1007.0,1007.1,0.033,76.687
2022-06-18 11:20:04.081065416,1007.0,1006.9,1007.0,0.001,3.994
2022-06-18 11:20:04.112423658,1006.9,1006.8,1006.9,40.853,17.378
2022-06-18 11:20:04.168869734,1006.9,1006.8,1006.9,63.655,35.652
2022-06-18 11:20:04.194740295,1006.9,1006.8,1006.9,72.501,35.463
2022-06-18 11:20:04.223228216,1006.9,1006.8,1006.9,82.646,35.463
2022-06-18 11:20:04.250048161,1006.9,1006.8,1006.9,69.989,35.463
2022-06-18 11:20:04.270541668,1006.9,1006.8,1006.9,71.989,35.463
2022-06-18 11:20:04.313760042,1006.9,1006.8,1006.9,71.989,31.469
2022-06-18 11:20:04.356199026,1006.9,1006.8,1006.9,80.773,31.469
2022-06-18 11:20:04.503675222,1006.9,1006.8,1006.9,72.016,31.469
2022-06-18 11:20:04.554589510,1006.9,1006.8,1006.9,72.016,31.969
2022-06-18 11:20:04.604263783,1006.9,1006.8,1006.9,72.016,50.085
2022-06-18 11:20:05.004565477,1006.9,1006.8,1006.9,49.158,50.085
2022-06-18 11:20:05.131116390,1006.9,1006.8,1006.9,49.168,50.085
2022-06-18 11:20:05.155866861,1006.9,1006.8,1006.9,38.322,50.085
2022-06-18 11:20:05.194667816,1006.9,1006.8,1006.9,12.569,45.319
2022-06-18 11:20:05.242042065,1006.8,1006.7,1006.8,11.346,6.345
2022-06-18 11:20:05.331077576,1006.8,1006.7,1006.8,5.881,6.345
2022-06-18 11:20:05.380690575,1006.8,1006.7,1006.8,5.581,65.314
2022-06-18 11:20:05.415246487,1006.7,1006.6,1006.8,17.255,81.048
2022-06-18 11:20:05.453837156,1006.7,1006.6,1006.8,7.465,75.581
2022-06-18 11:20:05.480361700,1006.7,1006.6,1006.7,2.0,19.858
2022-06-18 11:20:05.513362169,1006.6,1006.5,1006.6,0.001,3.994
2022-06-18 11:20:05.591273785,1006.6,1006.5,1006.6,19.586,39.647
2022-06-18 11:20:05.616567850,1006.6,1006.5,1006.6,32.347,48.495
2022-06-18 11:20:05.820292950,1006.6,1006.5,1006.6,32.347,40.507
2022-06-18 11:20:05.874053717,1006.5,1006.5,1006.6,31.989,40.507
2022-06-18 11:20:05.902496576,1006.5,1006.5,1006.6,12.404,40.507
2022-06-18 11:20:05.927926779,1006.5,1006.5,1006.6,24.205,40.507
2022-06-18 11:20:05.951446533,1006.5,1006.5,1006.6,12.404,42.153
2022-06-18 11:20:05.979701757,1006.5,1006.5,1006.6,14.391,42.153
2022-06-18 11:20:06.025291920,1006.5,1006.5,1006.6,14.391,40.507
2022-06-18 11:20:06.133192301,1006.5,1006.5,1006.6,14.391,59.02
2022-06-18 11:20:06.227013826,1006.5,1006.5,1006.6,40.602,59.02
2022-06-18 11:20:06.404740810,1006.5,1006.5,1006.6,47.802,59.02
2022-06-18 11:20:06.455715656,1006.5,1006.5,1006.6,67.673,50.679
2022-06-18 11:20:06.488464594,1006.5,1006.5,1006.6,72.773,50.679
2022-06-18 11:20:06.607918024,1006.5,1006.5,1006.6,72.773,36.398
2022-06-18 11:20:06.635356903,1006.5,1006.5,1006.6,78.949,28.05
2022-06-18 11:20:06.685947657,1006.5,1006.5,1006.6,78.949,10.252
2022-06-18 11:20:06.788790941,1006.5,1006.5,1006.6,78.949,19.158
2022-06-18 11:20:06.828151703,1006.6,1006.5,1006.6,78.949,8.906
2022-06-18 11:20:06.975475550,1006.7,1006.7,1006.8,7.194,6.845
2022-06-18 11:20:07.020039082,1006.7,1006.7,1006.8,21.194,6.845
2022-06-18 11:20:07.039371967,1006.7,1006.7,1006.8,7.194,6.845
2022-06-18 11:20:07.064199208,1006.7,1006.7,1006.8,17.955,6.845
2022-06-18 11:20:07.091375589,1006.7,1006.7,1006.8,19.955,6.845
2022-06-18 11:20:07.115244150,1006.7,1006.7,1006.8,19.955,13.188
2022-06-18 11:20:07.149195194,1006.7,1006.7,1006.8,41.054,6.843
2022-06-18 11:20:07.178929567,1006.7,1006.7,1006.8,41.054,0.5
2022-06-18 11:20:07.216190577,1006.7,1006.7,1006.8,71.288,0.5
2022-06-18 11:20:07.250116110,1006.8,1006.7,1006.9,60.848,0.501
2022-06-18 11:20:07.280526161,1006.8,1006.7,1006.9,34.649,0.501
2022-06-18 11:20:07.317255259,1006.8,1006.8,1006.9,51.355,0.501
2022-06-18 11:20:07.334058046,1006.8,1006.8,1006.9,73.906,0.501
2022-06-18 11:20:07.358665705,1006.8,1006.8,1006.9,75.766,0.501
2022-06-18 11:20:07.384774208,1006.8,1006.8,1006.9,77.766,3.501
2022-06-18 11:20:07.459137201,1006.8,1006.8,1006.9,77.766,4.002
2022-06-18 11:20:07.483865738,1006.8,1006.8,1006.9,77.766,13.039
2022-06-18 11:20:07.558395386,1006.8,1006.8,1006.9,77.766,4.002
2022-06-18 11:20:07.731578112,1006.8,1006.8,1006.9,82.93,14.685
2022-06-18 11:20:07.756463766,1006.8,1006.8,1006.9,72.666,14.685
2022-06-18 11:20:07.780341864,1006.8,1006.8,1006.9,71.02,21.028
2022-06-18 11:20:07.830606222,1006.8,1006.8,1006.9,71.02,21.528
2022-06-18 11:20:07.854700804,1006.8,1006.8,1006.9,71.02,31.049
2022-06-18 11:20:07.903727055,1006.8,1006.8,1006.9,69.02,31.049
2022-06-18 11:20:07.954708338,1006.8,1006.8,1006.9,69.025,31.049
2022-06-18 11:20:08.102779150,1006.8,1006.8,1006.9,69.025,24.706
2022-06-18 11:20:08.179249048,1006.8,1006.8,1006.9,70.671,24.706
2022-06-18 11:20:08.508147240,1006.8,1006.8,1006.9,70.671,24.205
2022-06-18 11:20:08.607385635,1006.8,1006.8,1006.9,76.085,24.205
2022-06-18 11:20:08.862832069,1006.9,1006.8,1006.9,76.085,24.201
2022-06-18 11:20:08.883219242,1006.9,1006.8,1006.9,76.085,24.701
2022-06-18 11:20:08.937447786,1006.9,1006.8,1006.9,76.085,0.5
2022-06-18 11:20:08.987632751,1006.9,1006.8,1006.9,56.467,0.5
2022-06-18 11:20:09.063718556,1006.9,1006.8,1006.9,56.467,9.537
2022-06-18 11:20:09.088760138,1006.9,1006.8,1006.9,63.567,9.537
2022-06-18 11:20:09.114140511,1006.9,1006.8,1006.9,63.567,0.5
2022-06-18 11:20:09.139315128,1006.9,1006.8,1006.9,58.153,0.5
2022-06-18 11:20:09.163991690,1006.9,1006.8,1006.9,63.317,0.5
2022-06-18 11:20:09.213506699,1006.9,1006.8,1006.9,69.4,9.537
2022-06-18 11:20:09.238810062,1006.9,1006.8,1006.9,69.4,0.5
2022-06-18 11:20:09.287743092,1006.9,1006.8,1006.9,76.428,0.5
2022-06-18 11:20:09.321182966,1006.9,1006.8,1006.9,76.428,9.537
2022-06-18 11:20:09.342683792,1006.9,1006.8,1006.9,83.457,0.5
2022-06-18 11:20:09.642188787,1006.9,1006.8,1006.9,88.673,0.5
2022-06-18 11:20:09.671018600,1006.9,1006.8,1007.0,88.673,8.15
2022-06-18 11:20:09.707287788,1006.9,1006.8,1007.0,83.573,8.15
2022-06-18 11:20:09.734457493,1006.9,1006.8,1007.0,71.328,8.15
2022-06-18 11:20:09.767239332,1006.9,1006.9,1007.0,72.08,8.15
2022-06-18 11:20:09.788509130,1006.9,1006.9,1007.0,91.596,8.15
2022-06-18 11:20:09.814068794,1006.9,1006.9,1007.0,104.78,8.15
2022-06-18 11:20:09.838247776,1006.9,1006.9,1007.0,114.18,8.15
2022-06-18 11:20:09.861822367,1006.9,1006.9,1007.0,132.879,8.15
2022-06-18 11:20:09.888172388,1006.9,1006.9,1007.0,138.043,8.176
2022-06-18 11:20:09.912155867,1006.9,1006.9,1007.0,149.384,8.176
2022-06-18 11:20:09.936645269,1006.9,1006.9,1007.0,149.404,8.176
2022-06-18 11:20:10.017532110,1006.9,1006.9,1007.0,149.404,14.519
2022-06-18 11:20:10.036270380,1006.9,1006.9,1007.0,142.204,14.519
2022-06-18 11:20:10.062913418,1006.9,1006.9,1007.0,135.458,14.519
2022-06-18 11:20:10.086911917,1006.9,1006.9,1007.0,135.458,27.368
2022-06-18 11:20:10.113030195,1006.9,1006.9,1007.0,125.078,27.368
2022-06-18 11:20:10.137850761,1006.9,1006.9,1007.0,93.427,14.519
2022-06-18 11:20:10.166504145,1006.9,1006.9,1007.0,103.4,16.165
2022-06-18 11:20:10.216071844,1006.9,1006.9,1007.0,75.197,16.165
2022-06-18 11:20:10.239068747,1006.9,1006.9,1007.0,75.36,16.165
2022-06-18 11:20:10.340751886,1006.9,1006.9,1007.0,82.172,16.165
2022-06-18 11:20:10.367855787,1006.9,1006.9,1007.0,67.891,16.165
2022-06-18 11:20:10.416730881,1006.9,1006.9,1007.0,58.099,16.165
2022-06-18 11:20:10.442403316,1006.9,1006.9,1007.0,39.4,16.365
2022-06-18 11:20:10.468018293,1006.9,1006.9,1007.0,39.4,16.865
2022-06-18 11:20:10.574059010,1006.9,1006.9,1007.0,45.914,16.865
2022-06-18 11:20:10.616359711,1006.9,1006.9,1007.0,45.914,16.665
2022-06-18 11:20:10.742266893,1006.9,1006.9,1007.0,43.914,16.665
2022-06-18 11:20:10.794498920,1007.0,1006.9,1007.1,43.914,18.835
2022-06-18 11:20:10.846574306,1007.0,1007.0,1007.1,19.182,18.835
2022-06-18 11:20:10.873373270,1007.0,1007.0,1007.1,27.523,18.835
2022-06-18 11:20:10.898992300,1007.0,1007.0,1007.1,40.017,8.788
2022-06-18 11:20:10.923532009,1007.0,1007.0,1007.1,47.217,10.634
2022-06-18 11:20:10.945985079,1007.0,1007.0,1007.1,47.217,10.434
2022-06-18 11:20:10.997598648,1007.0,1007.0,1007.1,47.217,16.777
2022-06-18 11:20:11.071799278,1007.0,1007.0,1007.1,40.017,29.626
2022-06-18 11:20:11.097217798,1007.0,1007.0,1007.1,40.017,16.777
2022-06-18 11:20:11.170109749,1007.0,1007.0,1007.1,46.327,16.777
2022-06-18 11:20:11.310507298,1007.0,1007.0,1007.1,46.327,20.771
2022-06-18 11:20:11.400104046,1007.0,1007.0,1007.1,46.327,16.777
2022-06-18 11:20:11.450692654,1007.0,1007.0,1007.1,46.49,16.777
2022-06-18 11:20:11.482556343,1007.0,1007.0,1007.1,53.302,16.777
2022-06-18 11:20:11.524900675,1007.0,1007.0,1007.1,53.302,17.277
2022-06-18 11:20:11.550302029,1007.0,1007.0,1007.1,53.302,9.288
2022-06-18 11:20:11.657098532,1007.1,1007.0,1007.2,60.502,26.668
2022-06-18 11:20:11.690876245,1007.1,1007.0,1007.2,60.502,6.191
2022-06-18 11:20:11.713860273,1007.1,1007.1,1007.2,17.175,6.191
2022-06-18 11:20:11.745814323,1007.2,1007.1,1007.3,66.606,0.501
2022-06-18 11:20:11.800285339,1007.2,1007.1,1007.3,79.964,0.501
2022-06-18 11:20:11.846708775,1007.3,1007.4,1007.5,42.0,31.785
2022-06-18 11:20:11.894694567,1007.3,1007.4,1007.5,42.0,26.325
2022-06-18 11:20:11.931466818,1007.3,1007.4,1007.5,19.618,26.625
2022-06-18 11:20:11.961619854,1007.4,1007.4,1007.5,21.107,28.471
2022-06-18 11:20:11.993574858,1007.4,1007.4,1007.5,26.268,27.971
2022-06-18 11:20:12.016731976,1007.4,1007.4,1007.5,35.383,27.971
2022-06-18 11:20:12.044864416,1007.4,1007.4,1007.5,31.737,27.971
2022-06-18 11:20:12.072748661,1007.4,1007.4,1007.5,31.9,27.971
2022-06-18 11:20:12.090571404,1007.4,1007.4,1007.5,22.785,28.026
2022-06-18 11:20:12.114905357,1007.4,1007.4,1007.5,22.785,30.026
2022-06-18 11:20:12.140351057,1007.4,1007.4,1007.5,29.597,24.566
2022-06-18 11:20:12.191752434,1007.4,1007.4,1007.5,12.136,24.566
2022-06-18 11:20:12.265444517,1007.4,1007.4,1007.5,23.08,24.566
2022-06-18 11:20:12.314558029,1007.4,1007.4,1007.5,31.036,24.566
2022-06-18 11:20:12.358139038,1007.4,1007.4,1007.5,31.036,22.92
2022-06-18 11:20:12.460103750,1007.4,1007.4,1007.5,31.036,3.06
2022-06-18 11:20:12.635591507,1007.4,1007.4,1007.5,31.036,4.706
2022-06-18 11:20:12.660136700,1007.4,1007.4,1007.5,31.036,5.206
2022-06-18 11:20:12.682378054,1007.4,1007.4,1007.5,24.224,5.206
2022-06-18 11:20:12.757308960,1007.4,1007.4,1007.5,30.4,5.206
2022-06-18 11:20:12.909440041,1007.4,1007.4,1007.5,51.618,5.206
2022-06-18 11:20:12.936262846,1007.4,1007.4,1007.5,56.718,11.549
2022-06-18 11:20:12.961594343,1007.4,1007.4,1007.5,56.718,5.206
2022-06-18 11:20:13.062023878,1007.4,1007.4,1007.5,56.817,5.206
2022-06-18 11:20:13.210558653,1007.4,1007.4,1007.5,54.11,5.206
2022-06-18 11:20:13.235222340,1007.4,1007.4,1007.5,51.696,5.206
2022-06-18 11:20:13.260370969,1007.4,1007.4,1007.5,51.697,5.206
2022-06-18 11:20:13.316151857,1007.4,1007.4,1007.5,43.558,5.206
2022-06-18 11:20:13.390906334,1007.4,1007.4,1007.5,52.179,5.206
2022-06-18 11:20:13.714954615,1007.4,1007.4,1007.5,52.179,5.706
2022-06-18 11:20:13.742088556,1007.4,1007.4,1007.5,62.152,5.706
2022-06-18 11:20:13.822225094,1007.4,1007.4,1007.5,62.152,15.227
2022-06-18 11:20:14.068109035,1007.4,1007.4,1007.5,62.152,15.172
2022-06-18 11:20:14.166076660,1007.4,1007.4,1007.5,62.154,15.172
2022-06-18 11:20:14.266650677,1007.4,1007.4,1007.5,48.136,15.256
2022-06-18 11:20:14.330476046,1007.4,1007.4,1007.5,56.546,15.256
2022-06-18 11:20:15.012802839,1007.4,1007.4,1007.5,41.39,15.256
2022-06-18 11:20:15.083851337,1007.4,1007.4,1007.5,41.39,23.244
2022-06-18 11:20:15.108494759,1007.4,1007.4,1007.5,41.39,23.744
2022-06-18 11:20:15.336661100,1007.4,1007.4,1007.5,43.036,23.744
2022-06-18 11:20:15.411857843,1007.4,1007.4,1007.5,36.243,23.744
2022-06-18 11:20:15.488716602,1007.4,1007.4,1007.5,42.793,23.744
2022-06-18 11:20:15.589398384,1007.4,1007.4,1007.5,24.832,23.744
2022-06-18 11:20:15.692238331,1007.4,1007.4,1007.5,24.832,15.756
2022-06-18 11:20:16.087569952,1007.4,1007.4,1007.5,24.832,16.256
2022-06-18 11:20:16.326466322,1007.4,1007.4,1007.5,35.593,16.256
2022-06-18 11:20:16.573463917,1007.4,1007.4,1007.5,35.593,14.61
2022-06-18 11:20:16.594972610,1007.4,1007.4,1007.5,35.593,5.089
2022-06-18 11:20:16.625624418,1007.5,1007.4,1007.6,51.793,31.089
2022-06-18 11:20:16.659743309,1007.5,1007.4,1007.6,65.701,31.089
2022-06-18 11:20:16.690269709,1007.5,1007.5,1007.6,41.101,11.227
2022-06-18 11:20:16.713394880,1007.5,1007.5,1007.6,56.115,11.227
2022-06-18 11:20:16.738850355,1007.5,1007.5,1007.6,48.646,11.227
2022-06-18 11:20:16.763574362,1007.5,1007.5,1007.6,50.646,11.227
2022-06-18 11:20:16.788282156,1007.5,1007.5,1007.6,50.646,2.527
2022-06-18 11:20:16.886956453,1007.5,1007.5,1007.6,50.646,4.173
2022-06-18 11:20:16.914139032,1007.5,1007.5,1007.6,56.822,4.173
2022-06-18 11:20:16.985532522,1007.5,1007.5,1007.6,56.822,13.21
2022-06-18 11:20:17.011242390,1007.5,1007.5,1007.6,57.004,13.21
2022-06-18 11:20:17.112200022,1007.5,1007.5,1007.6,57.004,13.71
2022-06-18 11:20:17.137629271,1007.5,1007.5,1007.6,64.601,13.71
2022-06-18 11:20:17.213162184,1007.5,1007.5,1007.6,64.602,13.71
2022-06-18 11:20:17.287874460,1007.5,1007.5,1007.6,66.411,13.71
2022-06-18 11:20:17.392919064,1007.5,1007.5,1007.6,66.451,13.71
2022-06-18 11:20:17.590756655,1007.5,1007.5,1007.6,69.24,13.71
2022-06-18 11:20:17.688374758,1007.5,1007.5,1007.6,61.643,13.71
2022-06-18 11:20:17.837773323,1007.5,1007.5,1007.6,61.643,13.683
2022-06-18 11:20:17.890256405,1007.5,1007.5,1007.6,69.251,13.683
2022-06-18 11:20:17.939266443,1007.5,1007.5,1007.6,69.251,13.716
2022-06-18 11:20:18.114162445,1007.5,1007.5,1007.6,79.224,13.716
2022-06-18 11:20:18.188704014,1007.5,1007.5,1007.6,79.224,14.216
2022-06-18 11:20:18.417651892,1007.5,1007.5,1007.6,69.97,14.216
2022-06-18 11:20:18.517307996,1007.5,1007.5,1007.6,77.764,14.216
2022-06-18 11:20:18.620476484,1007.5,1007.5,1007.6,70.564,14.216
2022-06-18 11:20:18.668235779,1007.5,1007.5,1007.6,68.947,14.216
2022-06-18 11:20:18.695743322,1007.5,1007.5,1007.6,68.947,20.559
2022-06-18 11:20:18.719440222,1007.5,1007.5,1007.6,68.947,33.408
2022-06-18 11:20:18.750182867,1007.5,1007.5,1007.6,66.947,33.408
2022-06-18 11:20:18.918116093,1007.5,1007.5,1007.6,66.947,20.559
2022-06-18 11:20:19.068163633,1007.5,1007.5,1007.6,67.046,20.559
2022-06-18 11:20:19.169572592,1007.5,1007.5,1007.6,67.046,14.216
2022-06-18 11:20:19.218822718,1007.5,1007.5,1007.6,67.046,14.716
2022-06-18 11:20:19.556032419,1007.5,1007.5,1007.6,67.046,27.565
2022-06-18 11:20:19.608197212,1007.5,1007.5,1007.6,57.525,27.565
2022-06-18 11:20:19.705665588,1007.5,1007.5,1007.6,57.525,30.561
2022-06-18 11:20:19.833520412,1007.5,1007.5,1007.6,40.324,30.561
2022-06-18 11:20:19.853183270,1007.5,1007.5,1007.6,40.324,30.761
2022-06-18 11:20:20.080551386,1007.6,1007.5,1007.6,40.324,27.141
2022-06-18 11:20:20.161254883,1007.6,1007.5,1007.6,40.324,29.126
2022-06-18 11:20:20.534878254,1007.6,1007.5,1007.6,38.496,29.126
2022-06-18 11:20:20.660851717,1007.6,1007.5,1007.6,30.712,27.641
2022-06-18 11:20:20.734515429,1007.6,1007.5,1007.6,32.495,27.641
2022-06-18 11:20:20.759058714,1007.6,1007.5,1007.6,32.485,27.641
2022-06-18 11:20:20.858728409,1007.6,1007.5,1007.6,42.281,27.641
2022-06-18 11:20:21.110091686,1007.6,1007.5,1007.6,42.281,28.141
2022-06-18 11:20:21.262193203,1007.5,1007.5,1007.6,38.312,28.141
2022-06-18 11:20:21.380264759,1007.5,1007.5,1007.6,36.529,28.141
2022-06-18 11:20:21.404072285,1007.5,1007.5,1007.6,26.733,28.141
2022-06-18 11:20:21.456393957,1007.5,1007.5,1007.6,40.408,28.141
2022-06-18 11:20:21.481760979,1007.5,1007.5,1007.6,51.143,28.141
2022-06-18 11:20:21.548579931,1007.8,1007.8,1007.9,55.693,94.662
2022-06-18 11:20:21.624964714,1007.8,1007.8,1007.9,55.693,53.635
2022-06-18 11:20:21.652755260,1007.8,1007.8,1007.9,57.693,71.863
2022-06-18 11:20:21.686137676,1007.8,1007.8,1007.9,57.693,78.104
2022-06-18 11:20:21.711630106,1007.8,1007.8,1007.9,57.193,68.989
2022-06-18 11:20:21.742311239,1007.8,1007.8,1007.9,57.193,64.939
2022-06-18 11:20:21.767700672,1007.8,1007.8,1007.9,57.193,70.397
2022-06-18 11:20:21.840229988,1007.8,1007.8,1007.9,57.193,56.656
2022-06-18 11:20:21.866242886,1007.8,1007.8,1007.9,57.193,118.814
2022-06-18 11:20:21.890347481,1007.8,1007.8,1007.9,57.193,122.402
2022-06-18 11:20:21.918533325,1007.8,1007.8,1007.9,57.193,86.046
2022-06-18 11:20:21.999186754,1007.8,1007.8,1007.9,57.193,122.402
2022-06-18 11:20:22.048259735,1007.8,1007.8,1007.9,57.193,122.43
2022-06-18 11:20:22.073074579,1007.8,1007.8,1007.9,59.982,122.43
2022-06-18 11:20:22.097692013,1007.8,1007.8,1007.9,59.982,116.23
2022-06-18 11:20:22.172407389,1007.8,1007.8,1007.9,70.717,116.73
2022-06-18 11:20:22.201767445,1007.8,1007.8,1007.9,70.72,116.73
2022-06-18 11:20:22.222992659,1007.8,1007.8,1007.9,80.693,116.73
2022-06-18 11:20:22.377823114,1007.8,1007.8,1007.9,80.693,120.724
2022-06-18 11:20:22.430977345,1007.8,1007.8,1007.9,80.693,124.718
2022-06-18 11:20:22.480911732,1007.8,1007.8,1007.9,80.693,137.437
2022-06-18 11:20:22.553604126,1007.8,1007.8,1007.9,80.693,139.943
2022-06-18 11:20:22.703887939,1007.8,1007.8,1007.9,69.958,139.943
2022-06-18 11:20:22.729215145,1007.8,1007.8,1007.9,69.958,140.443
2022-06-18 11:20:22.778257608,1007.8,1007.8,1007.9,69.958,104.087
2022-06-18 11:20:22.804411411,1007.8,1007.8,1007.9,79.76,104.087
2022-06-18 11:20:22.933874369,1007.8,1007.7,1007.9,13.178,140.443
2022-06-18 11:20:22.959678173,1007.8,1007.7,1007.9,13.178,143.104
2022-06-18 11:20:22.985919476,1007.8,1007.7,1007.9,13.178,135.904
2022-06-18 11:20:23.019839525,1007.8,1007.7,1007.8,13.178,2.0
2022-06-18 11:20:23.049226761,1007.8,1007.7,1007.8,8.018,60.325
2022-06-18 11:20:23.093412876,1007.5,1007.5,1007.6,15.026,25.5
2022-06-18 11:20:23.157959223,1007.5,1007.5,1007.6,19.94,26.0
2022-06-18 11:20:23.219770670,1007.5,1007.5,1007.6,19.94,58.124
2022-06-18 11:20:23.250669718,1007.5,1007.5,1007.6,19.53,60.63
2022-06-18 11:20:23.281428576,1007.5,1007.5,1007.6,19.53,64.731
2022-06-18 11:20:23.340592146,1007.5,1007.5,1007.6,14.369,64.731
2022-06-18 11:20:23.370499611,1007.5,1007.5,1007.6,13.179,71.931
2022-06-18 11:20:23.397504807,1007.5,1007.4,1007.6,5.163,92.219
2022-06-18 11:20:23.421600103,1007.5,1007.4,1007.6,5.163,57.654
2022-06-18 11:20:23.450409412,1007.5,1007.4,1007.5,5.163,32.166
2022-06-18 11:20:23.473563194,1007.5,1007.4,1007.5,5.163,67.571
2022-06-18 11:20:23.504535437,1007.4,1007.4,1007.5,6.773,115.819
2022-06-18 11:20:23.554701567,1007.4,1007.4,1007.5,6.773,117.935
2022-06-18 11:20:23.611687183,1007.4,1007.4,1007.5,6.773,127.12
2022-06-18 11:20:23.639067173,1007.4,1007.3,1007.5,0.001,125.82
2022-06-18 11:20:23.689801931,1007.4,1007.3,1007.5,0.001,90.996
2022-06-18 11:20:23.719910860,1007.3,1007.2,1007.4,20.626,10.337
2022-06-18 11:20:23.755132914,1007.3,1007.3,1007.4,2.0,68.885
2022-06-18 11:20:23.777536631,1007.3,1007.3,1007.4,1.999,64.658
2022-06-18 11:20:23.807411432,1007.3,1007.3,1007.4,1.999,61.544
2022-06-18 11:20:23.830511808,1007.3,1007.3,1007.4,1.999,64.05
2022-06-18 11:20:23.855836630,1007.3,1007.3,1007.4,2.135,66.05
2022-06-18 11:20:23.878362656,1007.3,1007.3,1007.4,2.135,76.313
2022-06-18 11:20:23.928954840,1007.3,1007.3,1007.4,2.135,80.307
2022-06-18 11:20:24.027542114,1007.3,1007.3,1007.4,2.135,76.313
2022-06-18 11:20:24.053399324,1007.3,1007.3,1007.4,2.135,80.307
2022-06-18 11:20:24.077793837,1007.3,1007.3,1007.4,3.781,80.307
2022-06-18 11:20:24.103278875,1007.3,1007.3,1007.4,3.781,76.313
2022-06-18 11:20:24.279320002,1007.3,1007.3,1007.4,3.781,76.813
2022-06-18 11:20:24.406870127,1007.3,1007.3,1007.4,3.781,77.099
2022-06-18 11:20:24.431169033,1007.3,1007.3,1007.4,3.645,77.099
2022-06-18 11:20:24.631132126,1007.3,1007.3,1007.4,3.645,75.113
2022-06-18 11:20:24.918222904,1007.4,1007.3,1007.4,3.645,62.877
2022-06-18 11:20:24.945827007,1007.4,1007.3,1007.4,3.645,53.762
2022-06-18 11:20:24.978027582,1007.4,1007.3,1007.4,15.105,35.813
2022-06-18 11:20:25.004755735,1007.4,1007.3,1007.4,31.42,20.813
2022-06-18 11:20:25.061132908,1007.4,1007.3,1007.4,31.42,16.929
2022-06-18 11:20:25.086807728,1007.4,1007.3,1007.4,31.42,3.292
2022-06-18 11:20:25.113204956,1007.4,1007.3,1007.4,40.941,0.786
2022-06-18 11:20:25.219957829,1007.4,1007.4,1007.5,2.0,0.501
2022-06-18 11:20:25.253781796,1007.4,1007.4,1007.5,1.5,0.501
2022-06-18 11:20:25.283120394,1007.4,1007.4,1007.5,25.854,0.501
2022-06-18 11:20:25.317222357,1007.4,1007.4,1007.5,48.474,6.844
2022-06-18 11:20:25.341090918,1007.4,1007.4,1007.5,50.12,15.881
2022-06-18 11:20:25.415262222,1007.4,1007.4,1007.5,40.442,17.881
2022-06-18 11:20:25.489592075,1007.4,1007.4,1007.5,42.244,17.881
2022-06-18 11:20:25.540479660,1007.4,1007.4,1007.5,42.244,18.381
2022-06-18 11:20:25.741827726,1007.4,1007.4,1007.5,47.344,18.381
2022-06-18 11:20:26.039634705,1007.4,1007.4,1007.5,47.453,18.381
2022-06-18 11:20:26.289932489,1007.4,1007.4,1007.5,47.453,18.881
2022-06-18 11:20:26.547040701,1007.4,1007.4,1007.5,46.437,19.381
2022-06-18 11:20:26.570861816,1007.4,1007.4,1007.5,45.651,19.381
2022-06-18 11:20:26.646781445,1007.4,1007.4,1007.5,46.84,19.381
2022-06-18 11:20:26.824473858,1007.4,1007.4,1007.5,32.219,19.381
2022-06-18 11:20:26.849877596,1007.4,1007.4,1007.5,32.219,19.73
2022-06-18 11:20:26.896336317,1007.4,1007.4,1007.5,25.019,19.73
2022-06-18 11:20:27.123191118,1007.4,1007.4,1007.5,25.019,13.387
2022-06-18 11:20:27.150392532,1007.4,1007.4,1007.5,25.019,4.35
2022-06-18 11:20:27.181579113,1007.5,1007.4,1007.7,25.019,13.036
2022-06-18 11:20:27.227247953,1007.7,1007.7,1007.8,33.0,12.916
2022-06-18 11:20:27.283907890,1007.7,1007.7,1007.8,4.0,0.5
2022-06-18 11:20:27.346606731,1007.7,1007.7,1007.8,35.116,0.7
2022-06-18 11:20:27.397090197,1007.7,1007.7,1007.8,44.231,0.7
2022-06-18 11:20:27.424133539,1007.7,1007.7,1007.8,44.231,9.537
2022-06-18 11:20:27.444989920,1007.7,1007.7,1007.8,49.331,9.537
2022-06-18 11:20:27.470717907,1007.7,1007.7,1007.8,48.831,9.537
2022-06-18 11:20:27.506789446,1007.7,1007.7,1007.8,58.976,9.537
2022-06-18 11:20:27.609021187,1007.7,1007.7,1007.8,55.009,9.537
2022-06-18 11:20:27.661469221,1007.7,1007.7,1007.8,45.894,9.537
2022-06-18 11:20:27.758335829,1007.7,1007.7,1007.8,47.083,9.537
2022-06-18 11:20:27.942097187,1007.7,1007.7,1007.8,47.083,10.037
2022-06-18 11:20:27.964661837,1007.7,1007.7,1007.8,47.109,10.037
2022-06-18 11:20:27.989993334,1007.7,1007.7,1007.8,47.109,22.886
2022-06-18 11:20:28.369514227,1007.7,1007.7,1007.8,52.269,22.886
2022-06-18 11:20:28.391927242,1007.7,1007.7,1007.8,52.269,10.037
2022-06-18 11:20:28.531484604,1008.0,1007.7,1008.0,52.269,28.46
2022-06-18 11:20:28.570932388,1008.0,1007.7,1007.8,47.246,0.5
2022-06-18 11:20:28.622049093,1008.0,1007.7,1007.8,47.246,13.349
2022-06-18 11:20:28.648553610,1008.0,1007.7,1007.8,47.247,0.5
2022-06-18 11:20:28.698447704,1008.0,1007.7,1007.8,54.447,0.5
2022-06-18 11:20:28.720541716,1008.0,1007.7,1007.8,67.029,0.5
2022-06-18 11:20:28.796971083,1008.0,1007.7,1007.8,73.099,0.5
2022-06-18 11:20:28.871649265,1008.0,1007.7,1007.8,83.491,9.537
2022-06-18 11:20:28.896378517,1008.0,1007.7,1007.8,83.491,0.5
2022-06-18 11:20:28.969700098,1008.0,1007.7,1007.8,73.099,10.731
2022-06-18 11:20:29.049791574,1008.0,1007.7,1007.8,73.109,19.768
2022-06-18 11:20:29.071781397,1008.0,1007.7,1007.8,73.109,20.268
2022-06-18 11:20:29.121671438,1008.0,1007.7,1007.8,73.099,20.268
2022-06-18 11:20:29.248191118,1008.0,1007.7,1007.8,73.1,20.268
2022-06-18 11:20:29.310083628,1008.0,1007.7,1007.8,73.109,20.268
2022-06-18 11:20:29.325934649,1008.0,1007.7,1007.8,71.92,20.268
2022-06-18 11:20:29.408535719,1008.0,1007.7,1007.8,74.99,20.268
2022-06-18 11:20:29.525163889,1008.0,1007.7,1007.8,74.99,10.037
2022-06-18 11:20:29.576251984,1007.8,1007.7,1007.8,74.99,0.5
2022-06-18 11:20:29.651239872,1007.8,1007.7,1007.8,74.99,1.0
2022-06-18 11:20:29.732757092,1007.8,1007.7,1007.8,74.99,11.217
2022-06-18 11:20:29.757030964,1007.8,1007.7,1007.8,81.99,11.217
2022-06-18 11:20:29.886366129,1007.8,1007.7,1008.0,74.964,2.2
2022-06-18 11:20:29.914880991,1007.8,1007.7,1008.0,74.964,4.293
2022-06-18 11:20:29.941032410,1007.8,1007.7,1008.0,94.81,4.293
2022-06-18 11:20:29.965844154,1007.8,1007.7,1007.8,94.863,9.521
2022-06-18 11:20:30.091561556,1007.8,1007.7,1007.8,103.374,9.521
2022-06-18 11:20:30.114998579,1007.8,1007.7,1007.8,101.728,9.521
2022-06-18 11:20:30.140010595,1007.8,1007.7,1007.8,101.728,22.37
2022-06-18 11:20:30.239333868,1007.8,1007.7,1007.8,101.728,9.521
2022-06-18 11:20:30.264490128,1007.8,1007.7,1007.8,87.147,9.521
2022-06-18 11:20:30.314254284,1007.8,1007.7,1007.8,87.147,9.698
2022-06-18 11:20:30.344668627,1007.8,1007.7,1007.8,88.793,9.698
2022-06-18 11:20:30.393526793,1007.8,1007.7,1007.8,88.793,10.198
2022-06-18 11:20:30.439875603,1007.8,1007.7,1007.8,85.723,23.047
2022-06-18 11:20:30.489142179,1007.8,1007.7,1007.8,93.441,23.047
2022-06-18 11:20:30.539048672,1007.8,1007.7,1007.8,93.441,10.198
2022-06-18 11:20:30.691986322,1007.8,1007.7,1007.8,93.441,10.698
2022-06-18 11:20:30.789695740,1007.8,1007.7,1007.8,93.441,23.547
2022-06-18 11:20:30.813237190,1007.8,1007.7,1007.8,93.441,10.698
2022-06-18 11:20:30.841132641,1007.8,1007.7,1007.8,88.794,10.698
2022-06-18 11:20:30.864203930,1007.8,1007.7,1007.8,67.031,10.698
2022-06-18 11:20:30.892277002,1007.8,1007.7,1007.8,67.031,13.691
2022-06-18 11:20:30.942690849,1007.8,1007.7,1007.8,76.975,13.691
2022-06-18 11:20:31.164760351,1007.8,1007.7,1007.8,84.953,13.691
2022-06-18 11:20:31.192959547,1007.7,1007.7,1007.8,80.973,13.691
2022-06-18 11:20:31.242723465,1007.7,1007.7,1007.8,77.006,8.691
2022-06-18 11:20:31.264452456,1007.7,1007.7,1007.8,77.014,8.691
2022-06-18 11:20:31.289747477,1007.7,1007.7,1007.8,77.013,8.691
2022-06-18 11:20:31.347304344,1007.7,1007.7,1007.8,77.013,8.514
2022-06-18 11:20:31.445006371,1007.7,1007.7,1007.8,77.013,9.779
2022-06-18 11:20:31.719516516,1007.7,1007.7,1007.8,77.013,10.279
2022-06-18 11:20:31.768635273,1007.7,1007.7,1007.8,75.367,10.279
2022-06-18 11:20:31.869070053,1007.7,1007.7,1007.8,72.296,10.279
2022-06-18 11:20:31.933474779,1008.2,1007.7,1008.2,62.352,51.477
2022-06-18 11:20:31.982639551,1008.2,1007.7,1007.8,25.734,12.849
2022-06-18 11:20:32.011371374,1008.2,1007.7,1007.8,25.734,22.37
2022-06-18 11:20:32.035644770,1008.2,1007.7,1007.8,25.734,37.864
2022-06-18 11:20:32.060421228,1007.7,1007.7,1007.8,22.441,15.864
2022-06-18 11:20:32.091444969,1007.7,1007.7,1007.8,37.876,13.515
2022-06-18 11:20:32.114321470,1007.7,1007.7,1007.8,39.522,17.509
2022-06-18 11:20:32.138450146,1007.7,1007.7,1007.8,39.523,17.509
2022-06-18 11:20:32.285913706,1007.7,1007.7,1007.8,37.877,9.521
2022-06-18 11:20:32.318422794,1007.7,1007.7,1007.8,28.762,9.521
2022-06-18 11:20:32.342237711,1007.7,1007.7,1007.8,18.617,9.521
2022-06-18 11:20:32.367160320,1007.7,1007.7,1007.8,12.297,22.37
2022-06-18 11:20:32.494297743,1007.7,1007.7,1007.8,8.791,22.37
2022-06-18 11:20:32.516677618,1007.7,1007.7,1007.8,10.437,22.37
2022-06-18 11:20:32.568696022,1007.7,1007.7,1007.8,14.427,22.37
2022-06-18 11:20:32.622439623,1007.7,1007.7,1007.8,23.542,22.37
2022-06-18 11:20:32.644593716,1007.8,1007.7,1007.8,23.542,5.551
2022-06-18 11:20:32.772594452,1007.8,1007.7,1007.8,33.329,5.551
2022-06-18 11:20:32.799533129,1007.8,1007.7,1007.8,33.329,4.615
2022-06-18 11:20:32.830338955,1007.8,1007.7,1007.8,33.329,5.115
2022-06-18 11:20:32.853987217,1007.8,1007.7,1007.8,38.429,5.115
2022-06-18 11:20:32.878685951,1007.8,1007.7,1007.8,56.282,5.115
2022-06-18 11:20:32.953375340,1007.8,1007.7,1007.8,56.282,14.152
2022-06-18 11:20:33.130633831,1007.8,1007.7,1007.8,56.282,5.115
2022-06-18 11:20:33.521777630,1007.8,1007.7,1007.8,56.282,9.08
2022-06-18 11:20:33.570801258,1007.8,1007.7,1007.8,56.292,9.08
2022-06-18 11:20:33.723625898,1007.7,1007.7,1007.8,52.312,9.08
2022-06-18 11:20:33.774485350,1007.7,1007.7,1007.8,48.327,9.08
2022-06-18 11:20:34.103408098,1007.7,1007.7,1007.8,44.337,9.58
2022-06-18 11:20:34.175296783,1007.7,1007.7,1007.8,48.329,9.58
2022-06-18 11:20:34.252183199,1007.7,1007.7,1007.8,55.529,9.58
2022-06-18 11:20:34.321209669,1007.7,1007.7,1007.8,65.471,9.58
2022-06-18 11:20:34.445697308,1007.7,1007.7,1007.8,65.471,4.965
2022-06-18 11:20:34.496162891,1007.7,1007.7,1007.8,72.621,4.965
2022-06-18 11:20:34.525351763,1007.8,1007.7,1008.0,79.721,19.846
2022-06-18 11:20:34.580404758,1007.8,1007.9,1008.0,8.848,19.846
2022-06-18 11:20:34.605666876,1007.8,1007.9,1008.0,38.244,19.846
2022-06-18 11:20:34.636227131,1007.8,1007.9,1008.0,42.585,19.846
2022-06-18 11:20:34.660640717,1007.8,1007.9,1008.0,44.231,20.046
2022-06-18 11:20:34.698889017,1007.8,1007.9,1008.1,55.0,8.12
2022-06-18 11:20:34.732358217,1007.8,1007.9,1008.1,86.2,8.12
2022-06-18 11:20:34.763464928,1007.8,1008.0,1008.1,1.617,8.12
2022-06-18 11:20:34.797628641,1007.8,1008.0,1008.1,52.136,8.12
2022-06-18 11:20:34.830137968,1007.8,1008.0,1008.2,75.205,5.159
2022-06-18 11:20:34.861038446,1007.8,1008.0,1008.2,64.436,11.009
2022-06-18 11:20:34.894252062,1007.8,1008.1,1008.2,9.521,5.159
2022-06-18 11:20:34.917686701,1007.8,1008.1,1008.2,31.75,5.159
2022-06-18 11:20:34.941070557,1007.8,1008.1,1008.2,40.865,5.159
2022-06-18 11:20:34.964510679,1007.8,1008.1,1008.2,20.981,5.159
2022-06-18 11:20:34.989750624,1007.8,1008.1,1008.2,22.981,14.196
2022-06-18 11:20:35.116082668,1007.8,1008.1,1008.2,22.981,5.159
2022-06-18 11:20:35.142821550,1007.8,1008.1,1008.2,44.511,5.159
2022-06-18 11:20:35.696746826,1008.2,1008.1,1008.2,22.575,12.634
2022-06-18 11:20:35.744115114,1008.2,1008.1,1008.2,13.46,12.634
2022-06-18 11:20:35.765641212,1008.2,1008.1,1008.2,13.46,27.31
2022-06-18 11:20:35.791762829,1008.1,1008.1,1008.2,12.945,33.209
2022-06-18 11:20:35.820727348,1008.1,1008.1,1008.2,12.945,33.409
2022-06-18 11:20:35.894786596,1008.1,1008.1,1008.2,7.384,33.409
2022-06-18 11:20:35.920654774,1008.1,1008.1,1008.2,2.0,35.393
2022-06-18 11:20:35.981263399,1008.1,1008.1,1008.2,2.0,37.51
2022-06-18 11:20:36.025717020,1008.1,1008.1,1008.2,2.0,37.566
2022-06-18 11:20:36.147196054,1008.1,1008.1,1008.2,2.0,36.853
2022-06-18 11:20:36.256388664,1008.1,1008.1,1008.2,2.0,43.563
2022-06-18 11:20:36.278326750,1008.1,1008.1,1008.2,2.0,44.058
2022-06-18 11:20:36.322011232,1008.1,1008.1,1008.2,12.761,44.058
2022-06-18 11:20:36.349242210,1008.1,1008.1,1008.2,12.761,39.458
2022-06-18 11:20:36.371693611,1008.1,1008.1,1008.2,12.761,30.343
2022-06-18 11:20:36.396265984,1008.1,1008.1,1008.2,18.322,28.359
2022-06-18 11:20:36.470002890,1008.1,1008.1,1008.2,18.322,28.388
2022-06-18 11:20:36.495988846,1008.1,1008.1,1008.2,18.322,22.827
2022-06-18 11:20:36.546523094,1008.2,1008.1,1008.2,18.322,15.764
2022-06-18 11:20:36.576133490,1008.2,1008.1,1008.2,18.322,9.865
2022-06-18 11:20:36.602141380,1008.2,1008.1,1008.2,18.33,9.865
2022-06-18 11:20:36.630595922,1008.2,1008.1,1008.2,29.099,9.865
2022-06-18 11:20:36.651767969,1008.2,1008.1,1008.2,29.199,5.007
2022-06-18 11:20:36.679218292,1008.2,1008.1,1008.2,18.43,4.807
2022-06-18 11:20:36.778944492,1008.2,1008.1,1008.2,18.33,4.807
2022-06-18 11:20:36.802942276,1008.2,1008.1,1008.2,26.43,4.807
2022-06-18 11:20:36.830037355,1008.2,1008.1,1008.2,26.43,4.072
2022-06-18 11:20:36.854234457,1008.2,1008.1,1008.2,37.199,4.072
2022-06-18 11:20:36.879517794,1008.2,1008.1,1008.2,44.399,4.072
2022-06-18 11:20:36.904201746,1008.2,1008.1,1008.2,44.499,4.072
2022-06-18 11:20:36.930644274,1008.2,1008.1,1008.2,33.73,4.072
2022-06-18 11:20:37.006833076,1008.2,1008.1,1008.2,33.63,4.072
2022-06-18 11:20:37.027887583,1008.2,1008.1,1008.2,33.63,13.593
2022-06-18 11:20:37.051839590,1008.2,1008.1,1008.2,25.53,13.593
2022-06-18 11:20:37.082497358,1008.2,1008.1,1008.2,25.53,11.093
2022-06-18 11:20:37.155906677,1008.2,1008.1,1008.2,12.769,11.093
2022-06-18 11:20:37.233931065,1008.2,1008.1,1008.2,11.123,11.093
2022-06-18 11:20:37.284842014,1008.2,1008.1,1008.2,11.123,10.545
2022-06-18 11:20:37.457711458,1008.2,1008.1,1008.2,11.123,12.362
2022-06-18 11:20:37.485458851,1008.2,1008.1,1008.2,11.132,21.477
2022-06-18 11:20:37.510142803,1008.2,1008.1,1008.2,11.132,25.471
2022-06-18 11:20:37.562403679,1008.2,1008.1,1008.2,2.017,25.465
2022-06-18 11:20:37.590035439,1008.2,1008.1,1008.2,2.017,29.459
2022-06-18 11:20:37.644769430,1008.2,1008.1,1008.2,2.017,41.759
2022-06-18 11:20:37.665792704,1008.2,1008.1,1008.2,2.017,42.259
2022-06-18 11:20:37.723227024,1008.2,1008.1,1008.2,2.017,39.352
2022-06-18 11:20:37.855942488,1008.2,1008.1,1008.2,2.043,39.352
2022-06-18 11:20:37.906594992,1008.1,1008.1,1008.2,2.04,39.352
2022-06-18 11:20:38.224308252,1008.1,1008.1,1008.2,2.04,39.362
2022-06-18 11:20:38.372065306,1008.3,1008.1,1008.3,2.04,38.827
2022-06-18 11:20:38.410959005,1008.3,1008.1,1008.3,0.043,47.337
2022-06-18 11:20:38.434950352,1008.3,1008.1,1008.3,0.017,47.337
2022-06-18 11:20:38.460619450,1008.3,1008.1,1008.2,5.176,24.197
2022-06-18 11:20:38.485440254,1008.3,1008.1,1008.2,7.176,35.396
2022-06-18 11:20:38.514390707,1008.1,1008.1,1008.2,7.133,35.396
2022-06-18 11:20:38.550858259,1008.1,1008.1,1008.2,7.133,48.209
2022-06-18 11:20:38.748602390,1008.1,1008.1,1008.2,7.133,48.709
2022-06-18 11:20:38.923321486,1008.1,1008.1,1008.2,7.133,50.693
2022-06-18 11:20:39.000844240,1008.1,1008.1,1008.2,7.133,36.478
2022-06-18 11:20:39.051590443,1008.1,1008.1,1008.2,23.448,23.665
2022-06-18 11:20:39.072225332,1008.1,1008.1,1008.2,25.094,23.665
2022-06-18 11:20:39.124434233,1008.1,1008.1,1008.2,34.026,23.665
2022-06-18 11:20:39.148078918,1008.1,1008.1,1008.2,34.026,23.465
2022-06-18 11:20:39.319650650,1008.1,1008.1,1008.2,23.265,23.465
2022-06-18 11:20:39.461840630,1008.1,1008.1,1008.2,23.269,23.465
2022-06-18 11:20:39.513914108,1008.1,1008.1,1008.2,23.269,23.469
2022-06-18 11:20:39.612092972,1008.1,1008.1,1008.2,24.915,23.469
2022-06-18 11:20:39.763109207,1008.1,1008.1,1008.2,24.915,17.908
2022-06-18 11:20:39.987278938,1008.1,1008.1,1008.2,24.968,17.908
2022-06-18 11:20:40.011612415,1008.1,1008.1,1008.2,24.968,18.408
2022-06-18 11:20:40.164806366,1008.1,1008.1,1008.2,16.036,18.408
2022-06-18 11:20:40.266322373,1008.1,1008.1,1008.2,23.864,18.408
2022-06-18 11:20:40.311847448,1008.1,1008.1,1008.2,22.218,18.408
2022-06-18 11:20:40.451328039,1008.1,1008.1,1008.2,22.165,18.408
2022-06-18 11:20:40.476404190,1008.1,1008.1,1008.2,22.165,20.508
2022-06-18 11:20:40.627707243,1008.1,1008.1,1008.2,23.811,20.508
2022-06-18 11:20:40.801666498,1008.1,1008.1,1008.2,22.165,20.508
2022-06-18 11:20:40.929060698,1008.1,1008.1,1008.2,22.175,20.508
2022-06-18 11:20:41.077321768,1008.1,1008.1,1008.2,23.821,20.508
2022-06-18 11:20:41.152431726,1008.1,1008.1,1008.2,23.821,30.123
2022-06-18 11:20:41.178546429,1008.1,1008.1,1008.2,23.821,21.008
2022-06-18 11:20:41.227989912,1008.1,1008.1,1008.2,23.771,21.008
2022-06-18 11:20:41.281661987,1008.1,1008.1,1008.2,15.943,21.008
2022-06-18 11:20:41.381938934,1008.1,1008.1,1008.2,23.099,21.008
2022-06-18 11:20:41.637289047,1008.1,1008.1,1008.2,32.214,18.908
2022-06-18 11:20:41.663065195,1008.1,1008.1,1008.2,38.214,13.009
2022-06-18 11:20:41.687568665,1008.1,1008.1,1008.2,49.314,13.009
2022-06-18 11:20:41.710085630,1008.1,1008.1,1008.2,55.833,13.009
2022-06-18 11:20:41.736073971,1008.1,1008.1,1008.2,55.833,3.488
2022-06-18 11:20:41.760028839,1008.1,1008.1,1008.2,55.833,1.504
2022-06-18 11:20:41.843201637,1008.1,1008.1,1008.2,55.933,1.504
2022-06-18 11:20:41.859850168,1008.1,1008.1,1008.2,46.818,1.504
2022-06-18 11:20:41.885083675,1008.1,1008.1,1008.2,46.818,10.619
2022-06-18 11:20:41.908760786,1008.1,1008.1,1008.2,46.818,1.504
2022-06-18 11:20:42.008785009,1008.1,1008.1,1008.2,45.172,1.504
2022-06-18 11:20:42.035818815,1008.1,1008.1,1008.2,40.072,1.504
2022-06-18 11:20:42.061909199,1008.1,1008.1,1008.2,34.072,1.504
2022-06-18 11:20:42.087435722,1008.1,1008.1,1008.2,35.467,16.924
2022-06-18 11:20:42.110447168,1008.1,1008.1,1008.2,29.467,31.522
2022-06-18 11:20:42.137394905,1008.1,1008.1,1008.2,21.453,31.6
2022-06-18 11:20:42.160754204,1008.1,1008.1,1008.2,21.453,22.485
2022-06-18 11:20:42.236580133,1008.1,1008.1,1008.2,23.099,22.485
2022-06-18 11:20:42.258782625,1008.1,1008.1,1008.2,23.099,24.469
2022-06-18 11:20:42.286758900,1008.1,1008.1,1008.2,35.099,24.469
2022-06-18 11:20:42.321329594,1008.1,1008.1,1008.2,35.099,24.969
2022-06-18 11:20:42.443121910,1008.1,1008.1,1008.2,35.099,22.985
2022-06-18 11:20:42.467960358,1008.1,1008.1,1008.2,29.099,22.985
2022-06-18 11:20:42.493911982,1008.1,1008.1,1008.2,29.099,17.424
2022-06-18 11:20:42.516519069,1008.1,1008.1,1008.2,29.099,11.525
2022-06-18 11:20:42.766917467,1008.1,1008.1,1008.2,29.109,11.525
2022-06-18 11:20:42.793763161,1008.1,1008.1,1008.2,29.099,11.525
2022-06-18 11:20:43.166616917,1008.1,1008.1,1008.2,29.109,11.525
2022-06-18 11:20:43.243130207,1008.1,1008.1,1008.2,29.099,11.525
2022-06-18 11:20:43.405073881,1008.1,1008.1,1008.2,21.933,11.525
2022-06-18 11:20:43.457878828,1008.1,1008.1,1008.2,21.933,12.025
2022-06-18 11:20:43.479909182,1008.1,1008.1,1008.2,37.655,12.025
2022-06-18 11:20:43.762356043,1008.1,1008.1,1008.2,37.665,12.025
2022-06-18 11:20:43.857773781,1008.1,1008.1,1008.2,37.665,2.504
2022-06-18 11:20:43.881662607,1008.1,1008.1,1008.2,42.765,2.504
2022-06-18 11:20:43.912529230,1008.2,1008.1,1008.3,55.881,8.59
2022-06-18 11:20:43.948157549,1008.2,1008.2,1008.3,6.0,8.59
2022-06-18 11:20:43.975026846,1008.2,1008.2,1008.3,16.732,8.59
2022-06-18 11:20:43.999274492,1008.2,1008.2,1008.3,66.502,8.59
2022-06-18 11:20:44.048139095,1008.2,1008.2,1008.3,62.148,8.59
2022-06-18 11:20:44.070545435,1008.2,1008.2,1008.3,62.158,8.59
2022-06-18 11:20:44.095386028,1008.2,1008.2,1008.3,64.158,8.59
2022-06-18 11:20:44.162362337,1008.2,1008.2,1008.3,70.755,8.59
2022-06-18 11:20:44.232302427,1008.2,1008.2,1008.3,75.511,8.59
2022-06-18 11:20:44.258253336,1008.2,1008.2,1008.3,69.611,8.59
2022-06-18 11:20:44.334721088,1008.4,1008.4,1008.5,12.0,28.411
2022-06-18 11:20:44.375165224,1008.4,1008.4,1008.5,35.2,1.135
2022-06-18 11:20:44.403182268,1008.4,1008.4,1008.5,49.415,1.135
2022-06-18 11:20:44.422076225,1008.4,1008.4,1008.5,41.809,0.3
2022-06-18 11:20:44.461894035,1008.4,1008.4,1008.5,51.455,9.337
2022-06-18 11:20:44.502907275,1008.4,1008.4,1008.5,13.5,9.137
2022-06-18 11:20:44.615932941,1007.8,1007.8,1008.0,0.705,6.0
2022-06-18 11:20:44.771896124,1007.9,1007.9,1008.0,0.065,10.0
2022-06-18 11:20:44.855003595,1007.7,1007.7,1007.8,2.009,11.037
2022-06-18 11:20:44.928999186,1007.0,1007.0,1007.8,74.241,42.507
2022-06-18 11:20:44.992401600,1007.0,1007.3,1007.4,0.41,10.0
2022-06-18 11:20:45.061476946,1007.0,1007.7,1007.8,6.0,62.229
2022-06-18 11:20:45.086078644,1007.0,1007.7,1007.8,6.0,49.429
2022-06-18 11:20:45.113433838,1007.0,1007.4,1007.8,12.3,26.807
2022-06-18 11:20:45.143410921,1007.0,1007.4,1007.5,12.3,6.0
2022-06-18 11:20:45.187197685,1007.0,1007.7,1007.8,3.994,21.464
2022-06-18 11:20:45.216201782,1007.0,1007.7,1007.8,24.975,9.364
2022-06-18 11:20:45.239070415,1007.0,1007.7,1007.8,54.171,7.261
2022-06-18 11:20:45.261140107,1007.0,1007.7,1007.8,54.171,26.198
2022-06-18 11:20:45.287705660,1007.0,1007.7,1007.8,54.171,21.037
2022-06-18 11:20:45.329908371,1007.0,1007.7,1007.8,62.477,13.14
2022-06-18 11:20:45.351933002,1007.0,1007.7,1007.8,67.637,13.14
2022-06-18 11:20:45.382112503,1007.8,1007.7,1007.9,67.637,26.115
2022-06-18 11:20:45.411104202,1007.8,1007.7,1007.9,31.088,17.0
2022-06-18 11:20:45.435418129,1007.8,1007.8,1007.9,21.73,17.0
2022-06-18 11:20:45.460140228,1007.8,1007.8,1007.9,59.159,17.0
2022-06-18 11:20:45.485394716,1007.8,1007.8,1007.9,76.615,17.0
2022-06-18 11:20:45.510848999,1007.8,1007.8,1007.9,67.5,17.0
2022-06-18 11:20:45.536896706,1007.8,1007.8,1007.9,67.0,17.0
2022-06-18 11:20:45.611111164,1007.8,1007.8,1007.9,65.0,17.0
2022-06-18 11:20:45.633540392,1007.8,1007.8,1007.9,65.0,17.001
2022-06-18 11:20:45.683114052,1007.8,1007.8,1007.9,68.994,17.001
2022-06-18 11:20:45.861777306,1007.8,1007.8,1007.9,68.994,17.14
2022-06-18 11:20:45.912305355,1007.8,1007.8,1007.9,70.64,17.14
2022-06-18 11:20:45.934517860,1007.8,1007.8,1007.9,70.64,17.24
2022-06-18 11:20:46.160801172,1007.8,1007.8,1007.9,70.64,17.241
2022-06-18 11:20:46.213337660,1007.8,1007.8,1007.9,64.33,17.241
2022-06-18 11:20:46.319734573,1007.8,1007.8,1007.9,75.174,17.241
2022-06-18 11:20:46.446814537,1007.8,1007.8,1007.9,75.174,17.249
2022-06-18 11:20:46.592960596,1007.8,1007.8,1007.9,75.174,17.75
2022-06-18 11:20:46.942084789,1007.8,1007.8,1007.9,71.18,17.75
2022-06-18 11:20:47.033328295,1007.9,1007.8,1007.9,71.18,12.69
2022-06-18 11:20:47.092135668,1008.0,1008.0,1008.1,20.057,0.001
2022-06-18 11:20:47.162508249,1008.2,1007.9,1008.2,13.549,11.993
2022-06-18 11:20:47.217504025,1008.2,1008.1,1008.2,31.47,11.864
2022-06-18 11:20:47.253330946,1008.2,1008.1,1008.2,101.614,0.584
2022-06-18 11:20:47.340771675,1008.2,1008.1,1008.2,111.566,0.584
2022-06-18 11:20:47.462001562,1008.2,1008.1,1008.2,113.566,9.621
2022-06-18 11:20:47.485321283,1008.2,1008.1,1008.2,113.566,9.037
2022-06-18 11:20:47.512893915,1008.2,1008.1,1008.2,60.525,0.1
2022-06-18 11:20:47.535819530,1008.2,1008.1,1008.2,56.531,0.1
2022-06-18 11:20:47.659201622,1008.2,1008.1,1008.2,56.531,0.6
2022-06-18 11:20:47.689298868,1008.2,1008.1,1008.2,60.525,0.6
2022-06-18 11:20:47.707649469,1008.2,1008.1,1008.2,51.41,0.6
2022-06-18 11:20:47.787137508,1008.2,1008.1,1008.2,56.019,15.198
2022-06-18 11:20:47.810632944,1008.2,1008.1,1008.2,56.019,30.618
2022-06-18 11:20:47.859635353,1008.2,1008.1,1008.2,47.416,30.618
2022-06-18 11:20:48.008764744,1008.2,1008.1,1008.2,51.41,30.618
2022-06-18 11:20:48.059479713,1008.2,1008.1,1008.2,56.021,30.618
2022-06-18 11:20:48.209328890,1008.2,1008.1,1008.2,60.015,30.618
2022-06-18 11:20:48.262426853,1008.2,1008.1,1008.2,60.015,30.836
2022-06-18 11:20:48.494323492,1008.2,1008.1,1008.2,69.988,30.836
2022-06-18 11:20:48.565402508,1008.2,1008.1,1008.2,75.566,30.836
2022-06-18 11:20:48.841789722,1008.2,1008.1,1008.2,75.566,31.336
2022-06-18 11:20:48.990461111,1008.2,1008.1,1008.2,75.566,21.815
2022-06-18 11:20:49.019480228,1008.2,1008.1,1008.2,75.566,16.254
2022-06-18 11:20:49.052086115,1008.2,1008.1,1008.3,75.566,5.541
2022-06-18 11:20:49.094234228,1008.2,1008.1,1008.3,94.569,5.541
2022-06-18 11:20:49.115740061,1008.2,1008.2,1008.3,7.949,5.541
2022-06-18 11:20:49.142831087,1008.2,1008.2,1008.3,55.28,5.541
2022-06-18 11:20:49.166191101,1008.2,1008.2,1008.3,58.148,0.086
2022-06-18 11:20:49.189257622,1008.2,1008.2,1008.3,58.148,9.123
2022-06-18 11:20:49.240207195,1008.2,1008.2,1008.3,58.148,15.022
2022-06-18 11:20:49.323807478,1008.2,1008.2,1008.3,58.148,14.937
2022-06-18 11:20:49.398748636,1008.2,1008.2,1008.3,58.148,15.274
2022-06-18 11:20:49.421987057,1008.2,1008.2,1008.3,58.148,26.033
2022-06-18 11:20:49.474201202,1008.2,1008.2,1008.3,54.502,26.033
2022-06-18 11:20:49.500113487,1008.2,1008.2,1008.3,26.273,26.033
2022-06-18 11:20:49.550501347,1008.2,1008.2,1008.3,17.158,47.697
2022-06-18 11:20:49.579489946,1008.2,1008.2,1008.3,17.16,36.292
2022-06-18 11:20:49.599158287,1008.2,1008.2,1008.3,15.543,36.292
2022-06-18 11:20:49.651293755,1008.2,1008.2,1008.3,9.202,36.292
2022-06-18 11:20:49.724062443,1008.2,1008.2,1008.3,9.354,36.292
2022-06-18 11:20:49.901352406,1008.2,1008.2,1008.3,9.37,36.292
2022-06-18 11:20:49.923862457,1008.2,1008.2,1008.3,11.016,36.292
2022-06-18 11:20:50.049956560,1008.2,1008.2,1008.3,9.37,36.292
2022-06-18 11:20:50.073423386,1008.2,1008.2,1008.3,9.37,36.792
2022-06-18 11:20:50.100276232,1008.2,1008.2,1008.3,9.37,48.746
2022-06-18 11:20:50.124200821,1008.2,1008.2,1008.3,9.368,31.833
2022-06-18 11:20:50.151195049,1008.2,1008.2,1008.3,9.393,21.074
2022-06-18 11:20:50.201146841,1008.2,1008.2,1008.3,9.747,21.074
2022-06-18 11:20:50.222728014,1008.2,1008.2,1008.3,9.747,31.833
2022-06-18 11:20:50.249796867,1008.2,1008.2,1008.3,12.075,31.833
2022-06-18 11:20:50.315869093,1008.2,1008.2,1008.3,13.721,31.833
2022-06-18 11:20:50.428931475,1008.2,1008.2,1008.3,13.721,31.596
2022-06-18 11:20:50.530825377,1008.2,1008.2,1008.3,12.075,31.834
2022-06-18 11:20:50.629027605,1008.2,1008.2,1008.3,27.146,31.834
2022-06-18 11:20:50.655040741,1008.2,1008.2,1008.3,27.146,31.634
2022-06-18 11:20:50.855177641,1008.2,1008.2,1008.3,28.792,31.634
2022-06-18 11:20:50.905316353,1008.2,1008.2,1008.3,28.792,33.618
2022-06-18 11:20:50.933247328,1008.2,1008.2,1008.3,27.028,33.618
2022-06-18 11:20:51.026755571,1008.2,1008.1,1008.3,10.145,33.618
2022-06-18 11:20:51.059324980,1008.2,1008.0,1008.1,14.536,6.0
2022-06-18 11:20:51.085674047,1008.2,1008.0,1008.2,14.536,9.818
2022-06-18 11:20:51.109872818,1008.2,1008.0,1008.2,17.851,16.315
2022-06-18 11:20:51.137418032,1008.2,1008.0,1008.1,7.421,42.945
2022-06-18 11:20:51.160052061,1008.2,1008.0,1008.1,2.0,30.096
2022-06-18 11:20:51.263509035,1008.2,1008.0,1008.1,3.646,30.096
2022-06-18 11:20:51.288859367,1008.2,1008.0,1008.1,2.0,30.096
2022-06-18 11:20:51.348020792,1008.2,1008.0,1008.1,2.0,42.707
2022-06-18 11:20:51.372578382,1008.2,1008.0,1008.1,2.227,42.707
2022-06-18 11:20:51.397213697,1008.2,1008.0,1008.1,2.227,40.982
2022-06-18 11:20:51.473596573,1008.2,1008.0,1008.1,3.873,46.082
2022-06-18 11:20:51.527334213,1008.2,1008.0,1008.1,3.873,35.196
2022-06-18 11:20:51.621639013,1008.2,1008.0,1008.1,3.873,35.364
2022-06-18 11:20:51.721864700,1008.2,1008.0,1008.1,2.227,35.464
2022-06-18 11:20:51.750123024,1007.9,1007.9,1008.1,14.755,35.464
2022-06-18 11:20:51.777921438,1007.9,1007.9,1008.1,14.755,30.364
2022-06-18 11:20:51.829047918,1007.9,1007.9,1008.0,14.755,16.123
2022-06-18 11:20:51.854819536,1007.9,1007.9,1008.0,14.755,48.748
2022-06-18 11:20:51.877209663,1007.9,1007.9,1008.0,14.755,26.784
2022-06-18 11:20:51.906006813,1007.9,1007.9,1008.0,42.798,26.784
2022-06-18 11:20:51.928491592,1007.9,1007.9,1008.0,49.044,26.784
2022-06-18 11:20:51.955521107,1007.9,1007.9,1008.0,50.69,26.784
2022-06-18 11:20:51.978443861,1007.9,1007.9,1008.0,50.69,21.684
2022-06-18 11:20:52.025334120,1008.0,1007.9,1008.0,57.89,1.588
2022-06-18 11:20:52.075700998,1008.0,1007.9,1008.0,62.99,1.588
2022-06-18 11:20:52.103514433,1008.0,1007.9,1008.0,69.488,1.588
2022-06-18 11:20:52.126366137,1008.0,1007.9,1008.1,69.488,9.283
2022-06-18 11:20:52.152176619,1008.0,1007.9,1008.0,64.388,0.5
2022-06-18 11:20:52.281637430,1008.0,1007.9,1008.0,76.37,0.5
2022-06-18 11:20:52.350075722,1008.0,1007.9,1008.0,76.452,0.5
2022-06-18 11:20:52.398249626,1008.0,1007.9,1008.0,81.552,0.6
2022-06-18 11:20:52.421959877,1008.0,1007.9,1008.0,83.552,0.6
2022-06-18 11:20:52.448360443,1008.0,1007.9,1008.0,89.426,1.171
2022-06-18 11:20:52.470643520,1008.0,1007.9,1008.0,89.426,12.088
2022-06-18 11:20:52.570944786,1008.0,1007.9,1008.0,77.054,1.171
2022-06-18 11:20:52.648452044,1008.0,1007.9,1008.0,50.138,1.408
2022-06-18 11:20:52.670850515,1008.0,1007.9,1008.0,46.144,19.56
2022-06-18 11:20:52.697891235,1008.0,1007.9,1008.0,39.941,19.56
2022-06-18 11:20:52.720900774,1008.0,1007.9,1008.0,50.395,29.081
2022-06-18 11:20:52.746755600,1008.0,1007.9,1008.0,39.941,19.966
2022-06-18 11:20:52.896145344,1008.0,1007.9,1008.0,43.935,19.966
2022-06-18 11:20:52.919885397,1008.0,1007.9,1008.0,47.929,19.966
2022-06-18 11:20:52.969971657,1008.0,1007.9,1008.0,43.935,19.966
2022-06-18 11:20:52.996619463,1008.0,1007.9,1008.0,49.989,19.966
2022-06-18 11:20:53.144832850,1008.0,1007.9,1008.0,49.989,20.466
2022-06-18 11:20:53.170582294,1008.0,1007.9,1008.0,49.989,20.229
2022-06-18 11:20:53.320326090,1008.0,1007.9,1008.0,49.989,20.468
2022-06-18 11:20:53.522780417,1008.0,1007.9,1008.0,49.989,19.897
2022-06-18 11:20:53.673249245,1008.0,1007.9,1008.0,49.989,10.86
2022-06-18 11:20:53.820784330,1008.0,1007.9,1008.0,49.989,11.265
2022-06-18 11:20:53.996303320,1008.0,1007.9,1008.0,35.235,11.265
2022-06-18 11:20:54.021934509,1008.0,1007.9,1008.0,6.18,11.265
2022-06-18 11:20:54.052128792,1008.0,1007.9,1008.0,6.18,22.38
2022-06-18 11:20:54.089951515,1008.0,1007.9,1008.0,0.126,42.876
2022-06-18 11:20:54.121594667,1008.0,1007.9,1008.0,0.126,56.186
2022-06-18 11:20:54.145532846,1008.0,1007.9,1008.0,5.737,56.186
2022-06-18 11:20:54.168802023,1008.0,1007.9,1008.0,1.743,56.186
2022-06-18 11:20:54.218788147,1008.0,1007.9,1008.0,1.743,43.337
2022-06-18 11:20:54.242645025,1008.0,1007.9,1008.0,1.743,43.537
2022-06-18 11:20:54.269954443,1008.0,1007.9,1008.0,1.743,43.637
2022-06-18 11:20:54.310630322,1008.0,1007.9,1008.0,3.743,43.537
2022-06-18 11:20:54.356124163,1008.0,1007.9,1008.0,1.743,42.622
2022-06-18 11:20:54.377717733,1008.0,1007.9,1008.0,1.743,42.383
2022-06-18 11:20:54.428402185,1008.0,1007.9,1008.0,3.743,42.383
2022-06-18 11:20:54.458039999,1008.0,1007.9,1008.0,5.389,43.499
2022-06-18 11:20:54.505719185,1008.0,1007.9,1008.0,5.903,43.299
2022-06-18 11:20:54.553074598,1008.0,1007.9,1008.0,5.903,38.138
2022-06-18 11:20:54.579100847,1008.0,1007.9,1008.0,5.903,28.452
2022-06-18 11:20:54.605339289,1008.0,1007.9,1008.0,17.363,28.452
2022-06-18 11:20:54.628452301,1008.0,1007.9,1008.0,26.478,28.452
2022-06-18 11:20:54.654476404,1008.0,1007.9,1008.0,17.363,28.452
2022-06-18 11:20:55.056115150,1008.0,1007.9,1008.0,17.363,14.237
2022-06-18 11:20:55.082830667,1008.0,1007.9,1008.0,32.274,14.237
2022-06-18 11:20:55.105629444,1008.0,1007.9,1008.0,62.042,4.716
2022-06-18 11:20:55.134169817,1008.0,1007.9,1008.1,62.042,8.16
2022-06-18 11:20:55.163031340,1008.0,1007.9,1008.1,62.791,8.16
2022-06-18 11:20:55.187857389,1008.0,1008.0,1008.1,20.309,8.16
2022-06-18 11:20:55.212326050,1008.0,1008.0,1008.1,19.961,8.16
2022-06-18 11:20:55.237170219,1008.0,1008.0,1008.1,56.243,8.16
2022-06-18 11:20:55.290762186,1008.0,1008.0,1008.1,60.237,8.16
2022-06-18 11:20:55.349812269,1008.0,1008.0,1008.1,75.274,8.16
2022-06-18 11:20:55.381871939,1008.0,1008.0,1008.2,75.274,2.1
2022-06-18 11:20:55.401022673,1008.0,1008.0,1008.2,75.274,0.1
2022-06-18 11:20:55.427631617,1008.0,1008.1,1008.2,33.717,0.1
2022-06-18 11:20:55.450364828,1008.0,1008.2,1008.3,3.994,45.735
2022-06-18 11:20:55.513201951,1007.1,1008.1,1008.3,7.207,45.735
2022-06-18 11:20:55.636495590,1008.1,1008.0,1008.2,0.096,14.936
2022-06-18 11:20:55.705311537,1008.0,1007.7,1007.8,6.0,4.0
2022-06-18 11:20:55.775360107,1007.6,1007.5,1007.8,12.499,13.037
2022-06-18 11:20:55.826488733,1007.6,1007.5,1007.8,11.913,50.44
2022-06-18 11:20:55.854645491,1007.6,1007.5,1007.6,11.913,32.226
2022-06-18 11:20:55.876569033,1007.6,1007.5,1007.6,11.913,34.226
2022-06-18 11:20:55.903573513,1007.6,1007.4,1007.5,20.565,6.0
2022-06-18 11:20:55.927978516,1007.6,1007.4,1007.5,20.565,12.0
2022-06-18 11:20:55.953345537,1007.6,1007.4,1007.5,20.565,6.0
2022-06-18 11:20:55.984150410,1007.6,1007.4,1007.5,41.471,12.0
2022-06-18 11:20:56.012619257,1007.6,1007.4,1007.5,73.623,6.0
2022-06-18 11:20:56.038452625,1007.6,1007.4,1007.5,73.623,15.037
2022-06-18 11:20:56.064782143,1007.6,1007.4,1007.5,75.623,15.037
2022-06-18 11:20:56.113059044,1007.6,1007.4,1007.5,76.113,15.037
2022-06-18 11:20:56.139474392,1007.6,1007.4,1007.5,76.113,6.0
2022-06-18 11:20:56.163625717,1007.6,1007.4,1007.5,84.556,6.0
2022-06-18 11:20:56.213836908,1007.6,1007.4,1007.6,84.556,5.162
2022-06-18 11:20:56.240055799,1007.6,1007.5,1007.7,0.027,0.001
2022-06-18 11:20:56.261446475,1007.6,1007.5,1007.7,16.909,0.001
2022-06-18 11:20:56.307835579,1007.6,1007.6,1007.7,32.075,0.001
2022-06-18 11:20:56.340537310,1007.7,1007.6,1007.7,68.917,7.161
2022-06-18 11:20:56.395137310,1007.7,1007.6,1007.7,76.117,7.16
2022-06-18 11:20:56.417699575,1007.7,1007.6,1007.7,78.117,7.159
2022-06-18 11:20:56.444511414,1007.7,1007.6,1007.7,78.117,7.158
2022-06-18 11:20:56.547219276,1007.7,1007.6,1007.7,78.16,7.658
2022-06-18 11:20:56.600067616,1007.7,1007.8,1007.9,6.0,2.001
2022-06-18 11:20:56.635414362,1007.7,1007.8,1007.9,37.5,2.001
2022-06-18 11:20:56.662139416,1007.7,1007.8,1007.9,21.0,2.001
2022-06-18 11:20:56.690351963,1007.7,1007.8,1007.9,54.742,11.038
2022-06-18 11:20:56.761247635,1007.7,1007.8,1007.9,54.742,12.684
2022-06-18 11:20:56.887051582,1007.7,1007.8,1007.9,54.742,12.784
2022-06-18 11:20:56.938010454,1007.7,1007.8,1007.9,23.0,12.784
2022-06-18 11:20:56.962953329,1007.7,1007.8,1007.9,21.0,25.633
2022-06-18 11:20:56.998283863,1007.7,1007.7,1007.8,0.49,6.0
2022-06-18 11:20:57.082121134,1007.7,1007.7,1007.8,0.49,75.993
2022-06-18 11:20:57.103431702,1007.7,1007.7,1007.8,0.49,99.571
2022-06-18 11:20:57.128885984,1007.7,1007.7,1007.8,0.49,100.053
2022-06-18 11:20:57.154268742,1007.7,1007.7,1007.8,0.49,71.728
2022-06-18 11:20:57.182428122,1007.7,1007.7,1007.8,0.533,71.728
2022-06-18 11:20:57.230197668,1007.7,1007.7,1007.8,2.179,40.727
2022-06-18 11:20:57.253323554,1007.7,1007.7,1007.8,11.294,21.463
2022-06-18 11:20:57.339116812,1007.7,1007.7,1007.8,53.612,0.482
2022-06-18 11:20:57.369599581,1007.7,1007.7,1007.8,49.735,0.482
2022-06-18 11:20:57.419348001,1007.7,1007.7,1007.8,51.735,0.482
2022-06-18 11:20:57.643362284,1007.7,1007.7,1007.8,51.735,0.582
2022-06-18 11:20:57.747582912,1007.7,1007.7,1007.8,51.692,0.582
2022-06-18 11:20:57.769073486,1007.7,1007.7,1007.8,51.692,1.082
2022-06-18 11:20:57.873055935,1007.7,1007.7,1007.8,51.296,1.082
2022-06-18 11:20:57.897860765,1007.7,1007.7,1007.8,51.296,10.119
2022-06-18 11:20:57.922873497,1007.7,1007.7,1007.8,51.311,23.728
2022-06-18 11:20:58.097425461,1007.7,1007.7,1007.8,46.211,23.728
2022-06-18 11:20:58.122432947,1007.7,1007.7,1007.8,41.666,25.374
2022-06-18 11:20:58.147485971,1007.7,1007.7,1007.8,41.666,24.892
2022-06-18 11:20:58.273979902,1007.7,1007.7,1007.8,41.666,25.382
2022-06-18 11:20:58.436021566,1007.7,1007.7,1007.8,34.466,25.382
2022-06-18 11:20:58.457191467,1007.7,1007.7,1007.8,14.184,25.382
2022-06-18 11:20:58.483152866,1007.7,1007.7,1007.8,8.285,25.382
2022-06-18 11:20:58.506921291,1007.7,1007.7,1007.8,2.724,30.482
2022-06-18 11:20:58.731780767,1007.7,1007.7,1007.8,2.109,30.982
2022-06-18 11:20:58.932067394,1007.7,1007.7,1007.8,2.109,32.831
2022-06-18 11:20:58.956133604,1007.7,1007.7,1007.8,2.109,27.731
2022-06-18 11:20:59.062410831,1007.7,1007.7,1007.8,12.87,27.731
2022-06-18 11:20:59.261186360,1007.7,1007.7,1007.8,12.776,27.731
2022-06-18 11:20:59.344631195,1007.7,1007.7,1007.8,12.895,27.731
2022-06-18 11:20:59.469505548,1007.7,1007.7,1007.8,12.895,25.882
2022-06-18 11:20:59.671063185,1007.7,1007.7,1007.8,12.905,25.882
2022-06-18 11:20:59.695086956,1007.7,1007.7,1007.8,12.905,27.726
2022-06-18 11:20:59.850211382,1007.7,1007.7,1007.8,12.905,28.226
2022-06-18 11:20:59.944812059,1007.7,1007.7,1007.8,12.905,14.617
2022-06-18 11:21:00.096166134,1007.7,1007.7,1007.8,12.905,28.226
2022-06-18 11:21:00.245036840,1007.7,1007.7,1007.8,12.905,26.382
2022-06-18 11:21:00.350927353,1007.7,1007.7,1007.8,12.905,28.539
2022-06-18 11:21:00.380235434,1007.7,1007.7,1007.8,12.776,28.539
2022-06-18 11:21:00.519996405,1007.7,1007.7,1007.8,12.891,28.539
2022-06-18 11:21:00.660456419,1007.7,1007.7,1007.8,11.245,28.539
2022-06-18 11:21:00.761253834,1007.7,1007.7,1007.8,12.891,14.93
2022-06-18 11:21:00.812496662,1007.7,1007.7,1007.8,12.891,15.43
2022-06-18 11:21:00.859631777,1007.7,1007.7,1007.8,10.891,15.43
2022-06-18 11:21:00.912747383,1007.7,1007.7,1007.8,10.891,4.747
2022-06-18 11:21:00.967829466,1007.7,1007.7,1007.8,19.101,4.747
2022-06-18 11:21:00.988975525,1007.7,1007.7,1007.8,32.598,17.596
2022-06-18 11:21:01.034929037,1007.7,1007.7,1007.8,37.757,4.747
2022-06-18 11:21:01.085682869,1007.7,1007.7,1007.8,39.757,4.747
2022-06-18 11:21:01.162515879,1007.7,1007.7,1007.8,37.757,4.747
2022-06-18 11:21:01.185760498,1007.7,1007.7,1007.8,36.747,15.784
2022-06-18 11:21:01.211228132,1007.7,1007.7,1007.8,36.747,17.43
2022-06-18 11:21:01.236575842,1007.7,1007.7,1007.8,23.25,17.43
2022-06-18 11:21:01.262126923,1007.7,1007.7,1007.8,21.604,17.43
2022-06-18 11:21:01.371004820,1007.7,1007.7,1007.8,14.404,15.273
2022-06-18 11:21:01.479536057,1007.7,1007.7,1007.8,14.404,23.546
2022-06-18 11:21:01.506289958,1007.7,1007.7,1007.8,14.404,37.155
2022-06-18 11:21:01.557424068,1007.7,1007.7,1007.8,14.289,23.546
2022-06-18 11:21:01.584920406,1007.7,1007.7,1007.8,11.789,23.546
2022-06-18 11:21:01.659015894,1007.7,1007.7,1007.8,11.789,23.647
2022-06-18 11:21:01.707281590,1007.7,1007.7,1007.8,11.789,37.225
2022-06-18 11:21:01.758666754,1007.7,1007.7,1007.8,13.435,23.647
2022-06-18 11:21:01.909347296,1007.7,1007.7,1007.8,13.435,37.225
2022-06-18 11:21:01.933868170,1007.7,1007.7,1007.8,11.789,37.225
2022-06-18 11:21:01.959942341,1007.7,1007.7,1007.8,5.159,23.647
2022-06-18 11:21:02.085553408,1007.7,1007.7,1007.8,5.159,24.147
2022-06-18 11:21:02.110027313,1007.7,1007.7,1007.8,5.216,24.147
2022-06-18 11:21:02.159191132,1007.7,1007.7,1007.8,5.216,37.725
2022-06-18 11:21:02.208667755,1007.7,1007.7,1007.8,5.216,37.762
2022-06-18 11:21:02.233637571,1007.7,1007.7,1007.8,5.216,37.969
2022-06-18 11:21:02.283232450,1007.7,1007.7,1007.8,5.216,24.391
2022-06-18 11:21:02.317061663,1007.7,1007.7,1007.8,5.216,24.436
2022-06-18 11:21:02.391722679,1007.7,1007.7,1007.8,6.862,24.436
2022-06-18 11:21:02.441363573,1007.7,1007.7,1007.8,6.862,38.014
2022-06-18 11:21:02.465131044,1007.7,1007.7,1007.8,15.977,38.014
2022-06-18 11:21:02.493443251,1007.7,1007.7,1007.8,15.977,24.436
2022-06-18 11:21:02.515032530,1007.7,1007.7,1007.8,15.977,21.263
2022-06-18 11:21:02.666255951,1007.7,1007.7,1007.8,15.977,23.37
2022-06-18 11:21:03.065469742,1007.7,1007.7,1007.8,16.674,23.37
2022-06-18 11:21:03.091301680,1007.7,1007.7,1007.8,16.674,23.87
2022-06-18 11:21:03.190645456,1007.7,1007.7,1007.8,15.028,23.87
2022-06-18 11:21:03.268518925,1007.7,1007.7,1007.8,0.754,21.763
2022-06-18 11:21:03.327387094,1007.7,1007.7,1007.8,2.371,21.273
2022-06-18 11:21:03.355242729,1007.7,1007.7,1007.8,2.371,21.228
2022-06-18 11:21:03.377119541,1007.7,1007.7,1007.8,2.371,40.333
2022-06-18 11:21:03.403298140,1007.7,1007.7,1007.8,2.371,40.833
2022-06-18 11:21:03.424900532,1007.7,1007.7,1007.8,2.371,41.282
2022-06-18 11:21:03.552064419,1007.7,1007.7,1007.8,2.371,27.704
2022-06-18 11:21:03.600870132,1007.7,1007.7,1007.8,4.017,27.704
2022-06-18 11:21:03.751573563,1007.7,1007.7,1007.8,11.892,41.282
2022-06-18 11:21:03.776978731,1007.7,1007.7,1007.8,2.371,41.282
2022-06-18 11:21:03.808132172,1007.6,1007.5,1007.8,31.698,60.42
2022-06-18 11:21:03.863481998,1007.5,1007.4,1007.5,56.302,18.0
2022-06-18 11:21:03.940293789,1007.5,1007.4,1007.5,50.607,9.037
2022-06-18 11:21:03.985885620,1007.5,1007.4,1007.5,35.327,9.037
2022-06-18 11:21:04.018159628,1007.5,1007.4,1007.6,35.327,43.703
2022-06-18 11:21:04.040228844,1007.5,1007.4,1007.5,35.327,12.849
2022-06-18 11:21:04.068183899,1007.4,1007.4,1007.5,31.327,19.206
2022-06-18 11:21:04.106014013,1007.4,1007.4,1007.5,32.973,41.703
2022-06-18 11:21:04.134067297,1007.4,1007.4,1007.5,16.683,47.264
2022-06-18 11:21:04.181404352,1007.4,1007.4,1007.5,23.557,53.264
2022-06-18 11:21:04.281251669,1007.4,1007.4,1007.5,21.911,53.264
2022-06-18 11:21:04.313484907,1007.4,1007.4,1007.5,15.755,53.264
2022-06-18 11:21:04.341967821,1007.4,1007.4,1007.5,3.72,59.264
2022-06-18 11:21:04.371123314,1007.4,1007.4,1007.5,3.72,59.764
2022-06-18 11:21:04.392584085,1007.4,1007.4,1007.5,3.72,69.909
2022-06-18 11:21:04.415702581,1007.4,1007.4,1007.5,3.72,63.909
2022-06-18 11:21:04.497449398,1007.4,1007.4,1007.5,3.72,64.009
2022-06-18 11:21:04.622046232,1007.4,1007.4,1007.5,3.72,63.56
2022-06-18 11:21:04.647216558,1007.4,1007.4,1007.5,3.72,58.033
2022-06-18 11:21:04.721386433,1007.4,1007.4,1007.5,3.789,63.934
2022-06-18 11:21:05.033070563,1007.4,1007.4,1007.5,7.448,63.934
2022-06-18 11:21:05.075404882,1007.4,1007.4,1007.5,5.588,75.791
2022-06-18 11:21:05.132005453,1007.4,1007.3,1007.5,5.162,75.791
2022-06-18 11:21:05.179660559,1007.4,1007.2,1007.5,22.274,105.101
2022-06-18 11:21:05.219233751,1007.4,1007.2,1007.4,11.222,81.911
2022-06-18 11:21:05.249105692,1007.4,1007.1,1007.3,60.48,12.349
2022-06-18 11:21:05.274579048,1007.4,1007.1,1007.3,60.07,48.911
2022-06-18 11:21:05.324440002,1007.4,1007.1,1007.2,49.178,69.007
2022-06-18 11:21:05.359838963,1007.4,1007.1,1007.2,11.329,71.364
2022-06-18 11:21:05.388191223,1007.4,1007.1,1007.2,11.329,49.4
2022-06-18 11:21:05.410210848,1007.4,1007.1,1007.2,5.868,49.4
2022-06-18 11:21:05.463429213,1007.4,1007.1,1007.2,0.705,49.4
2022-06-18 11:21:05.488387108,1007.4,1007.1,1007.2,0.728,49.4
2022-06-18 11:21:05.546157360,1007.4,1007.1,1007.2,0.728,56.4
2022-06-18 11:21:05.590549946,1007.1,1007.1,1007.2,8.425,77.214
2022-06-18 11:21:05.649506807,1006.9,1006.8,1007.2,64.54,120.783
2022-06-18 11:21:05.702113390,1006.9,1006.8,1006.9,42.437,9.037
2022-06-18 11:21:05.738733530,1006.9,1006.8,1006.9,8.727,53.982
2022-06-18 11:21:05.773902416,1006.9,1006.8,1006.9,8.727,65.982
2022-06-18 11:21:05.808121681,1006.9,1006.8,1006.9,28.306,63.613
2022-06-18 11:21:05.837509155,1006.9,1006.8,1006.9,8.727,76.661
2022-06-18 11:21:05.884542465,1006.9,1006.8,1006.9,8.727,86.806
2022-06-18 11:21:05.986926556,1006.9,1006.8,1006.9,8.727,92.731
2022-06-18 11:21:06.020334482,1006.9,1006.8,1006.9,8.727,80.731
2022-06-18 11:21:06.141069889,1006.9,1006.8,1006.9,8.926,80.731
2022-06-18 11:21:06.289312840,1006.9,1006.8,1006.9,10.572,80.731
2022-06-18 11:21:06.351073027,1006.9,1006.8,1006.9,8.926,80.731
2022-06-18 11:21:06.448454142,1006.9,1006.8,1006.9,8.926,75.631
2022-06-18 11:21:06.475108147,1006.9,1006.8,1006.9,8.926,75.731
2022-06-18 11:21:06.501529694,1006.9,1006.8,1006.9,8.926,69.806
2022-06-18 11:21:06.551671982,1006.9,1006.8,1006.9,8.926,70.306
2022-06-18 11:21:06.601221800,1006.9,1006.8,1006.9,8.926,63.629
2022-06-18 11:21:06.759648800,1006.9,1006.8,1006.9,8.926,61.629
2022-06-18 11:21:06.958735943,1006.9,1006.8,1006.9,10.572,61.629
2022-06-18 11:21:06.983836889,1006.9,1006.8,1006.9,8.926,61.629
2022-06-18 11:21:07.028070450,1006.8,1006.7,1006.9,0.029,61.629
2022-06-18 11:21:07.098041296,1006.7,1006.6,1006.7,2.027,12.0
2022-06-18 11:21:07.165740728,1006.7,1006.6,1006.7,2.027,49.47
2022-06-18 11:21:07.211744070,1006.5,1006.4,1006.5,11.252,6.0
2022-06-18 11:21:07.329424143,1006.5,1006.4,1006.5,12.612,19.963
2022-06-18 11:21:07.361960411,1006.5,1006.4,1006.5,21.727,34.304
2022-06-18 11:21:07.387578249,1006.5,1006.4,1006.5,21.727,23.189
2022-06-18 11:21:07.437945127,1006.5,1006.4,1006.5,28.217,23.189
2022-06-18 11:21:07.464680433,1006.5,1006.4,1006.5,48.887,23.189
2022-06-18 11:21:07.496053696,1006.5,1006.4,1006.5,56.087,14.848
2022-06-18 11:21:07.523056745,1006.5,1006.4,1006.6,63.002,2.999
2022-06-18 11:21:07.546896935,1006.5,1006.4,1006.6,51.597,8.999
2022-06-18 11:21:07.574923277,1006.5,1006.5,1006.6,0.703,8.999
2022-06-18 11:21:07.598753452,1006.5,1006.5,1006.6,54.872,8.999
2022-06-18 11:21:07.625796318,1006.5,1006.5,1006.6,54.372,8.999
2022-06-18 11:21:07.749959707,1006.5,1006.5,1006.6,59.472,8.999
2022-06-18 11:21:07.773158312,1006.5,1006.5,1006.6,64.638,8.999
2022-06-18 11:21:07.872829914,1006.5,1006.5,1006.7,71.195,6.388
2022-06-18 11:21:07.903400183,1006.5,1006.5,1006.7,23.326,0.001
2022-06-18 11:21:07.933152199,1006.5,1006.5,1006.6,13.121,9.115
2022-06-18 11:21:07.978777647,1006.5,1006.5,1006.6,5.921,52.617
2022-06-18 11:21:08.003896236,1006.5,1006.5,1006.6,0.028,58.617
2022-06-18 11:21:08.022321939,1006.5,1006.5,1006.6,0.028,64.617
2022-06-18 11:21:08.049620152,1006.5,1006.5,1006.6,0.028,64.755
2022-06-18 11:21:08.081273317,1006.5,1006.4,1006.6,32.485,97.854
2022-06-18 11:21:08.116728783,1006.5,1006.4,1006.6,19.883,79.276
2022-06-18 11:21:08.136182547,1006.5,1006.4,1006.5,19.883,10.632
2022-06-18 11:21:08.165213346,1006.4,1006.4,1006.5,0.519,82.749
2022-06-18 11:21:08.207331419,1006.5,1006.4,1006.5,0.546,101.422
2022-06-18 11:21:08.239612818,1006.5,1006.4,1006.5,0.546,87.944
2022-06-18 11:21:08.263364553,1006.5,1006.4,1006.5,0.546,90.943
2022-06-18 11:21:08.290109158,1006.5,1006.4,1006.5,2.192,90.943
2022-06-18 11:21:08.353220701,1006.5,1006.4,1006.5,2.192,90.843
2022-06-18 11:21:08.375979424,1006.5,1006.4,1006.5,11.713,90.843
2022-06-18 11:21:08.428017139,1006.5,1006.4,1006.5,11.713,90.943
2022-06-18 11:21:08.478782177,1006.5,1006.4,1006.5,11.713,90.843
2022-06-18 11:21:08.530546665,1006.5,1006.4,1006.5,11.713,84.843
2022-06-18 11:21:08.582283020,1006.5,1006.4,1006.5,0.546,85.243
2022-06-18 11:21:08.603565454,1006.5,1006.4,1006.5,0.546,86.623
2022-06-18 11:21:08.630736589,1006.3,1006.3,1006.5,14.039,86.623
2022-06-18 11:21:08.655346870,1006.3,1006.3,1006.5,14.039,119.98
2022-06-18 11:21:08.685579062,1006.3,1006.3,1006.4,7.894,0.703
2022-06-18 11:21:08.708095312,1006.3,1006.3,1006.4,5.194,39.836
2022-06-18 11:21:08.735178471,1006.3,1006.3,1006.4,5.194,67.684
2022-06-18 11:21:08.764556646,1006.3,1006.1,1006.4,4.971,126.768
2022-06-18 11:21:08.793848991,1006.3,1006.1,1006.2,6.971,6.0
2022-06-18 11:21:08.850933075,1006.3,1006.1,1006.2,2.001,60.083
2022-06-18 11:21:08.878693104,1006.3,1006.1,1006.2,7.168,65.982
2022-06-18 11:21:08.906276464,1006.3,1006.1,1006.2,9.156,67.628
2022-06-18 11:21:08.926800013,1006.3,1006.1,1006.2,18.677,67.828
2022-06-18 11:21:08.954794645,1006.3,1006.1,1006.2,18.677,67.628
2022-06-18 11:21:09.051635742,1006.3,1006.1,1006.2,16.689,67.628
2022-06-18 11:21:09.078040361,1006.3,1006.1,1006.2,7.168,70.627
2022-06-18 11:21:09.101940632,1006.3,1006.1,1006.2,0.001,58.627
2022-06-18 11:21:09.152769566,1006.3,1006.1,1006.2,0.001,58.765
2022-06-18 11:21:09.179935932,1006.1,1006.0,1006.1,9.987,8.848
2022-06-18 11:21:09.213152885,1006.1,1006.0,1006.1,11.987,14.848
2022-06-18 11:21:09.239437103,1006.1,1006.0,1006.1,3.046,32.304
2022-06-18 11:21:09.267920017,1006.1,1006.0,1006.1,3.046,47.153
2022-06-18 11:21:09.287420988,1006.1,1006.0,1006.1,3.046,40.304
2022-06-18 11:21:09.327321291,1006.1,1006.0,1006.1,5.52,43.303
2022-06-18 11:21:09.449652910,1006.1,1006.0,1006.1,5.52,43.403
2022-06-18 11:21:09.579180717,1006.1,1006.0,1006.1,7.166,43.665
2022-06-18 11:21:09.692792416,1006.1,1006.0,1006.1,7.166,43.803
2022-06-18 11:21:09.711993933,1006.1,1006.0,1006.1,7.166,44.01
2022-06-18 11:21:09.785642385,1006.1,1006.0,1006.1,7.166,38.01
2022-06-18 11:21:09.815089941,1006.1,1006.0,1006.1,7.166,32.01
2022-06-18 11:21:09.909993649,1006.1,1006.0,1006.1,7.166,38.51
2022-06-18 11:21:09.934422255,1006.1,1006.0,1006.1,7.166,44.51
2022-06-18 11:21:09.966621637,1006.2,1006.0,1006.2,7.166,13.094
2022-06-18 11:21:09.999207497,1006.2,1006.0,1006.2,7.166,9.115
2022-06-18 11:21:10.023736238,1006.2,1006.0,1006.2,16.281,9.115
2022-06-18 11:21:10.048719406,1006.2,1006.0,1006.1,16.281,9.115
2022-06-18 11:21:10.075850725,1006.2,1006.0,1006.1,18.281,9.115
2022-06-18 11:21:10.124404430,1006.2,1006.0,1006.1,17.484,9.115
2022-06-18 11:21:10.147795439,1006.2,1006.0,1006.1,17.484,10.761
2022-06-18 11:21:10.199454784,1006.2,1006.0,1006.1,24.302,10.761
2022-06-18 11:21:10.247999668,1006.2,1006.0,1006.1,29.988,9.115
2022-06-18 11:21:10.273258924,1006.2,1006.0,1006.1,29.988,9.215
2022-06-18 11:21:10.324751616,1006.2,1006.0,1006.1,35.088,13.822
2022-06-18 11:21:10.341095209,1006.2,1006.0,1006.1,35.088,0.1
2022-06-18 11:21:10.367408276,1006.2,1006.0,1006.1,30.614,0.1
2022-06-18 11:21:10.417664528,1006.2,1006.0,1006.1,30.614,9.137
2022-06-18 11:21:10.441746712,1006.2,1006.0,1006.1,37.814,9.137
2022-06-18 11:21:10.467996836,1006.2,1006.0,1006.1,32.128,9.137
2022-06-18 11:21:10.516322374,1006.2,1006.0,1006.1,36.919,9.137
2022-06-18 11:21:10.743464470,1006.2,1006.0,1006.1,36.919,18.252
2022-06-18 11:21:10.793684006,1006.2,1006.0,1006.1,36.919,9.137
2022-06-18 11:21:10.818585396,1006.2,1006.0,1006.1,23.719,9.137
2022-06-18 11:21:10.845494747,1006.0,1006.0,1006.1,19.768,9.137
2022-06-18 11:21:10.873155594,1006.0,1006.0,1006.1,19.768,18.252
2022-06-18 11:21:10.959762573,1006.0,1006.0,1006.1,21.414,18.252
2022-06-18 11:21:10.983527422,1006.0,1006.0,1006.1,27.414,18.752
2022-06-18 11:21:11.009597540,1006.0,1006.0,1006.1,33.414,18.752
2022-06-18 11:21:11.057219505,1006.0,1006.0,1006.1,27.414,32.393
2022-06-18 11:21:11.082367659,1006.0,1006.0,1006.1,27.414,34.039
2022-06-18 11:21:11.106685162,1006.0,1006.0,1006.1,27.414,20.398
2022-06-18 11:21:11.132814884,1006.0,1006.0,1006.1,27.414,18.752
2022-06-18 11:21:11.498814583,1006.0,1006.0,1006.1,21.414,18.752
2022-06-18 11:21:11.547360420,1006.0,1006.0,1006.1,16.623,18.752
2022-06-18 11:21:11.597719908,1006.0,1006.0,1006.1,16.623,30.51
2022-06-18 11:21:11.649619102,1006.0,1006.0,1006.1,20.526,32.156
2022-06-18 11:21:11.724708796,1006.0,1006.0,1006.1,32.526,32.156
2022-06-18 11:21:11.775214195,1006.0,1006.0,1006.1,20.526,32.156
2022-06-18 11:21:11.797854185,1006.0,1006.0,1006.1,13.482,32.156
2022-06-18 11:21:11.849784613,1006.0,1006.0,1006.1,13.482,20.398
2022-06-18 11:21:12.075366974,1006.0,1006.0,1006.1,13.482,20.898
2022-06-18 11:21:12.125081538,1006.0,1006.0,1006.1,17.691,20.898
2022-06-18 11:21:12.225901842,1006.0,1006.0,1006.1,16.873,20.898
2022-06-18 11:21:12.311885834,1006.0,1006.0,1006.1,19.07,20.898
2022-06-18 11:21:12.386954546,1006.0,1006.0,1006.1,19.07,1.1
2022-06-18 11:21:12.454280615,1006.2,1006.0,1006.2,52.552,6.166
2022-06-18 11:21:13.118024349,1006.2,1006.2,1006.3,18.0,6.401
2022-06-18 11:21:13.185054779,1006.2,1006.1,1006.2,56.213,12.907
2022-06-18 11:21:13.234178305,1006.2,1006.1,1006.2,5.1,0.5
2022-06-18 11:21:13.314058542,1006.1,1006.1,1006.2,1.1,0.7
2022-06-18 11:21:13.351080179,1006.1,1006.1,1006.2,32.798,20.498
2022-06-18 11:21:13.372643948,1006.1,1006.1,1006.2,47.913,20.498
2022-06-18 11:21:13.395864487,1006.1,1006.1,1006.2,38.798,11.261
2022-06-18 11:21:13.446927547,1006.1,1006.1,1006.2,32.798,11.261
2022-06-18 11:21:13.472549438,1006.1,1006.1,1006.2,38.798,11.261
2022-06-18 11:21:13.581468821,1006.1,1006.1,1006.2,38.798,2.146
2022-06-18 11:21:13.623056173,1006.1,1006.1,1006.2,38.798,0.5
2022-06-18 11:21:13.647257805,1006.1,1006.1,1006.2,38.798,0.6
2022-06-18 11:21:13.697035789,1006.1,1006.1,1006.2,32.798,6.161
2022-06-18 11:21:13.799226284,1006.1,1006.1,1006.2,40.798,7.807
2022-06-18 11:21:13.847329140,1006.1,1006.1,1006.2,30.895,16.844
2022-06-18 11:21:13.871345043,1006.1,1006.1,1006.2,30.895,25.959
2022-06-18 11:21:13.898676157,1006.1,1006.1,1006.2,30.895,16.844
2022-06-18 11:21:13.921954870,1006.1,1006.1,1006.2,34.775,16.844
2022-06-18 11:21:13.998796940,1006.1,1006.1,1006.2,50.748,16.844
2022-06-18 11:21:14.047530174,1006.1,1006.1,1006.2,56.748,16.844
2022-06-18 11:21:14.071725845,1006.1,1006.1,1006.2,50.748,16.844
2022-06-18 11:21:14.096796751,1006.1,1006.1,1006.2,44.748,16.844
2022-06-18 11:21:14.121722460,1006.1,1006.1,1006.2,43.648,16.844
2022-06-18 11:21:14.222162485,1006.1,1006.1,1006.2,43.648,17.344
2022-06-18 11:21:14.351963282,1006.1,1006.1,1006.2,43.648,8.307
2022-06-18 11:21:14.377737761,1006.1,1006.1,1006.2,43.648,6.661
2022-06-18 11:21:14.506200075,1006.1,1006.1,1006.2,48.748,6.661
2022-06-18 11:21:14.527437687,1006.1,1006.1,1006.2,48.748,1.1
2022-06-18 11:21:14.627521992,1006.1,1006.1,1006.2,55.948,1.1
2022-06-18 11:21:14.653119087,1006.1,1006.1,1006.2,70.374,1.1
2022-06-18 11:21:14.685822010,1006.1,1006.1,1006.2,76.374,1.1
2022-06-18 11:21:14.705974579,1006.1,1006.1,1006.2,82.146,1.1
2022-06-18 11:21:14.730380297,1006.1,1006.1,1006.2,76.146,1.1
2022-06-18 11:21:14.758030653,1006.2,1006.1,1006.3,76.146,6.401
2022-06-18 11:21:14.784296036,1006.2,1006.1,1006.3,71.046,6.401
2022-06-18 11:21:14.834914446,1006.2,1006.2,1006.3,10.848,6.401
2022-06-18 11:21:14.862152815,1006.2,1006.2,1006.3,27.163,6.401
2022-06-18 11:21:14.890154123,1006.2,1006.2,1006.3,96.351,6.401
2022-06-18 11:21:14.912176847,1006.2,1006.2,1006.3,88.017,15.438
2022-06-18 11:21:14.985105753,1006.2,1006.2,1006.3,88.017,15.638
2022-06-18 11:21:15.062639952,1006.2,1006.2,1006.3,91.897,15.638
2022-06-18 11:21:15.185822487,1006.2,1006.2,1006.3,85.897,15.438
2022-06-18 11:21:15.210562229,1006.2,1006.2,1006.3,85.897,15.938
2022-06-18 11:21:15.234996557,1006.2,1006.2,1006.3,85.897,6.901
2022-06-18 11:21:15.261863947,1006.2,1006.2,1006.3,90.106,6.901
2022-06-18 11:21:15.463981867,1006.2,1006.2,1006.3,92.303,7.001
2022-06-18 11:21:15.488703966,1006.2,1006.2,1006.3,87.203,7.001
2022-06-18 11:21:15.589015961,1006.2,1006.2,1006.3,86.5,8.647
2022-06-18 11:21:15.615249157,1006.2,1006.2,1006.3,66.305,8.647
2022-06-18 11:21:15.663329840,1006.2,1006.2,1006.3,66.305,17.762
2022-06-18 11:21:15.712214470,1006.2,1006.2,1006.3,70.316,17.762
2022-06-18 11:21:15.788646936,1006.2,1006.2,1006.3,68.67,17.762
2022-06-18 11:21:15.838001013,1006.2,1006.2,1006.3,78.643,17.762
2022-06-18 11:21:15.864348412,1006.2,1006.2,1006.3,53.86,17.762
2022-06-18 11:21:15.915016651,1006.2,1006.2,1006.3,53.86,22.862
2022-06-18 11:21:15.965127230,1006.2,1006.2,1006.3,31.238,22.862
2022-06-18 11:21:15.996713400,1006.2,1006.2,1006.3,6.032,41.326
2022-06-18 11:21:16.039627790,1006.1,1006.0,1006.1,0.002,6.0
2022-06-18 11:21:16.107352018,1006.1,1006.0,1006.1,0.002,26.438
2022-06-18 11:21:16.130914926,1006.0,1005.9,1006.1,21.475,91.464
2022-06-18 11:21:16.163456440,1006.0,1005.9,1006.0,21.475,22.622
2022-06-18 11:21:16.195676088,1006.0,1005.9,1006.0,21.475,23.325
2022-06-18 11:21:16.217675924,1006.0,1005.9,1006.0,21.475,70.556
2022-06-18 11:21:16.241846323,1006.0,1005.9,1006.0,23.121,63.719
2022-06-18 11:21:16.266324043,1006.0,1005.9,1006.0,23.121,65.365
2022-06-18 11:21:16.411020517,1006.0,1005.9,1006.0,23.121,56.25
2022-06-18 11:21:16.460272312,1006.0,1005.9,1006.0,25.121,56.25
2022-06-18 11:21:16.486207247,1006.0,1005.9,1006.0,25.121,54.604
2022-06-18 11:21:16.510651827,1006.0,1005.9,1006.0,23.121,54.604
2022-06-18 11:21:16.561296940,1006.0,1005.9,1006.0,36.437,54.604
2022-06-18 11:21:16.587643385,1006.0,1005.9,1006.0,36.437,54.404
2022-06-18 11:21:16.715761185,1006.0,1005.9,1006.0,23.121,54.504
2022-06-18 11:21:16.810309887,1006.0,1005.9,1006.0,25.121,54.504
2022-06-18 11:21:16.958993196,1006.0,1005.9,1006.0,23.121,54.504
2022-06-18 11:21:16.983741045,1006.0,1005.9,1006.0,23.121,49.404
2022-06-18 11:21:17.135348558,1005.9,1005.9,1006.0,23.119,51.05
2022-06-18 11:21:17.233600140,1005.9,1005.9,1006.0,25.119,51.05
2022-06-18 11:21:17.262002230,1005.9,1005.9,1006.0,23.119,51.05
2022-06-18 11:21:17.376617432,1005.9,1005.9,1006.0,23.491,51.05
2022-06-18 11:21:17.398458719,1005.9,1005.9,1006.0,23.491,51.55
2022-06-18 11:21:17.424465418,1005.9,1005.9,1006.0,23.491,53.264
2022-06-18 11:21:17.975662708,1005.9,1005.9,1006.0,23.491,51.618
2022-06-18 11:21:18.077060699,1005.9,1005.9,1006.0,23.496,51.618
2022-06-18 11:21:18.174552202,1005.9,1005.9,1006.0,36.812,51.618
2022-06-18 11:21:18.250838995,1005.9,1005.9,1006.0,23.496,45.744
2022-06-18 11:21:18.279233694,1005.9,1005.9,1006.0,41.796,23.122
2022-06-18 11:21:18.320271730,1005.9,1005.9,1006.0,55.311,21.122
2022-06-18 11:21:18.341842890,1005.9,1005.9,1006.0,64.426,21.122
2022-06-18 11:21:18.366159439,1005.9,1005.9,1006.0,55.311,21.122
2022-06-18 11:21:18.419693470,1005.9,1005.9,1006.0,54.939,21.122
2022-06-18 11:21:18.518549204,1005.9,1005.9,1006.0,55.406,12.774
2022-06-18 11:21:18.641759157,1005.9,1005.9,1006.0,55.406,11.06
2022-06-18 11:21:18.897468090,1006.0,1005.9,1006.1,55.406,19.701
2022-06-18 11:21:18.931975842,1006.1,1006.1,1006.2,6.699,1.814
2022-06-18 11:21:18.977730274,1006.1,1006.1,1006.2,12.699,0.1
2022-06-18 11:21:19.017313242,1006.2,1006.2,1006.3,24.0,6.901
2022-06-18 11:21:19.057398081,1006.2,1006.2,1006.3,30.0,0.501
2022-06-18 11:21:19.086179256,1006.2,1006.2,1006.3,81.951,0.501
2022-06-18 11:21:19.109964609,1006.2,1006.2,1006.3,115.455,0.501
2022-06-18 11:21:19.134920597,1006.2,1006.2,1006.3,121.287,0.501
2022-06-18 11:21:19.157320976,1006.2,1006.2,1006.3,97.986,0.501
2022-06-18 11:21:19.185464382,1006.2,1006.2,1006.3,98.453,9.538
2022-06-18 11:21:19.231898069,1006.2,1006.2,1006.3,97.553,9.538
2022-06-18 11:21:19.319930792,1006.2,1006.2,1006.3,91.553,9.538
2022-06-18 11:21:19.360769749,1006.2,1006.2,1006.3,89.553,9.538
2022-06-18 11:21:19.434709072,1006.2,1006.2,1006.3,58.661,9.538
2022-06-18 11:21:19.466873884,1006.2,1006.2,1006.3,33.583,19.426
2022-06-18 11:21:19.495986223,1006.2,1006.2,1006.3,8.271,21.072
2022-06-18 11:21:19.532920599,1006.2,1006.0,1006.3,9.115,25.468
2022-06-18 11:21:19.573495865,1006.2,1006.0,1006.2,9.115,25.318
2022-06-18 11:21:19.597883463,1006.2,1005.9,1006.1,21.479,5.561
2022-06-18 11:21:19.620426178,1006.2,1005.9,1006.1,21.479,35.118
2022-06-18 11:21:19.648462296,1006.2,1006.0,1006.1,2.0,26.152
2022-06-18 11:21:19.674706221,1006.2,1006.0,1006.1,3.646,26.152
2022-06-18 11:21:19.701454639,1006.2,1006.0,1006.1,29.652,15.42
2022-06-18 11:21:19.735826969,1006.3,1006.2,1006.3,6.0,3.763
2022-06-18 11:21:19.789205790,1006.5,1006.4,1006.6,6.0,26.48
2022-06-18 11:21:19.848487139,1006.5,1006.3,1006.6,12.0,5.465
2022-06-18 11:21:19.890017748,1006.5,1006.5,1006.6,38.799,5.465
2022-06-18 11:21:19.914477348,1006.6,1006.5,1006.6,38.799,3.477
2022-06-18 11:21:19.944515228,1006.6,1006.5,1006.6,43.196,8.644
2022-06-18 11:21:19.973642349,1006.6,1006.5,1006.6,57.441,35.236
2022-06-18 11:21:20.048287392,1006.6,1006.5,1006.6,41.126,35.236
2022-06-18 11:21:20.066352366,1006.6,1006.5,1006.6,15.42,35.236
2022-06-18 11:21:20.092242718,1006.6,1006.2,1006.6,20.283,40.336
2022-06-18 11:21:20.116726875,1006.6,1006.2,1006.3,20.283,17.0
2022-06-18 11:21:20.143900394,1006.6,1006.2,1006.6,15.116,51.743
2022-06-18 11:21:20.172871828,1006.6,1006.3,1006.4,2.0,19.1
2022-06-18 11:21:20.248474360,1006.6,1006.3,1006.4,11.115,24.268
2022-06-18 11:21:20.321196795,1006.6,1006.3,1006.4,11.115,11.914
2022-06-18 11:21:20.335555315,1006.6,1006.3,1006.4,12.223,19.114
2022-06-18 11:21:20.392547846,1006.6,1006.3,1006.4,12.223,24.414
2022-06-18 11:21:20.460063219,1006.6,1006.3,1006.4,3.108,24.414
2022-06-18 11:21:20.488030672,1006.6,1006.3,1006.4,1.108,24.414
2022-06-18 11:21:20.812169790,1006.6,1006.3,1006.4,1.108,24.914
2022-06-18 11:21:21.209659100,1006.6,1006.3,1006.4,2.754,24.914
2022-06-18 11:21:21.238376856,1006.2,1006.2,1006.4,14.043,17.714
2022-06-18 11:21:21.269251585,1006.2,1006.2,1006.4,14.043,15.38
2022-06-18 11:21:21.308575392,1006.2,1006.2,1006.3,23.89,0.703
2022-06-18 11:21:21.338962793,1006.2,1006.2,1006.3,23.89,37.273
2022-06-18 11:21:21.389284372,1006.2,1006.2,1006.3,25.536,32.173
2022-06-18 11:21:21.414206028,1006.2,1006.2,1006.3,31.536,32.173
2022-06-18 11:21:21.439761400,1006.2,1006.2,1006.3,37.536,32.173
2022-06-18 11:21:21.488918066,1006.2,1006.2,1006.3,37.536,17.892
2022-06-18 11:21:21.515131235,1006.2,1006.2,1006.3,37.536,8.848
2022-06-18 11:21:21.540475845,1006.2,1006.2,1006.3,57.199,8.848
2022-06-18 11:21:21.564732313,1006.2,1006.2,1006.4,57.199,8.634
2022-06-18 11:21:21.588191271,1006.2,1006.2,1006.4,57.199,14.634
2022-06-18 11:21:21.614704609,1006.2,1006.3,1006.4,0.703,14.634
2022-06-18 11:21:21.637970686,1006.2,1006.3,1006.4,6.264,9.466
2022-06-18 11:21:21.669031620,1006.2,1006.3,1006.4,22.945,3.466
2022-06-18 11:21:21.698813677,1006.2,1006.3,1006.4,42.743,3.466
2022-06-18 11:21:21.720089912,1006.2,1006.3,1006.4,33.706,3.466
2022-06-18 11:21:21.746105671,1006.2,1006.3,1006.4,40.806,3.466
2022-06-18 11:21:21.770984650,1006.2,1006.3,1006.4,60.261,3.466
2022-06-18 11:21:21.794128180,1006.2,1006.3,1006.4,75.01,3.466
2022-06-18 11:21:21.823520184,1006.2,1006.3,1006.4,90.43,3.466
2022-06-18 11:21:21.870337009,1006.2,1006.3,1006.4,91.64,3.966
2022-06-18 11:21:21.893277168,1006.2,1006.3,1006.4,91.64,13.003
2022-06-18 11:21:21.919986486,1006.2,1006.3,1006.4,97.64,13.003
2022-06-18 11:21:21.969083309,1006.2,1006.3,1006.4,91.64,13.003
2022-06-18 11:21:21.993681908,1006.2,1006.3,1006.4,67.776,13.003
2022-06-18 11:21:22.019179106,1006.2,1006.3,1006.4,62.676,13.003
2022-06-18 11:21:22.048376322,1006.2,1006.3,1006.4,44.349,14.649
2022-06-18 11:21:22.085555792,1006.2,1006.3,1006.4,22.894,23.764
2022-06-18 11:21:22.125836849,1006.2,1006.3,1006.4,22.894,28.864
2022-06-18 11:21:22.200860500,1006.2,1006.3,1006.4,22.191,28.864
2022-06-18 11:21:22.252323151,1006.2,1006.3,1006.4,10.731,28.864
2022-06-18 11:21:22.278460979,1006.2,1006.3,1006.4,10.731,43.064
2022-06-18 11:21:22.316791773,1006.2,1006.3,1006.4,1.21,43.064
2022-06-18 11:21:22.331998825,1006.2,1006.3,1006.4,1.21,48.232
2022-06-18 11:21:22.360101461,1006.3,1006.2,1006.4,1.905,61.258
2022-06-18 11:21:22.390771627,1006.2,1006.1,1006.2,0.001,6.0
2022-06-18 11:21:22.442417622,1006.2,1006.1,1006.2,0.001,9.037
2022-06-18 11:21:22.467889309,1006.2,1006.1,1006.2,1.647,20.152
2022-06-18 11:21:22.493829727,1006.2,1006.1,1006.2,1.647,26.898
2022-06-18 11:21:22.516378880,1006.2,1006.1,1006.2,1.647,29.864
2022-06-18 11:21:22.690591812,1006.2,1006.1,1006.2,1.647,19.181
2022-06-18 11:21:22.716712952,1006.2,1006.1,1006.2,11.168,19.181
2022-06-18 11:21:22.741389990,1006.2,1006.1,1006.2,25.844,4.966
2022-06-18 11:21:22.766109705,1006.2,1006.1,1006.2,34.712,4.966
2022-06-18 11:21:22.943432093,1006.2,1006.1,1006.2,34.712,14.003
2022-06-18 11:21:22.978023767,1006.2,1006.1,1006.2,25.844,24.764
2022-06-18 11:21:23.073993921,1006.2,1006.1,1006.2,25.844,25.264
2022-06-18 11:21:23.124330044,1006.2,1006.1,1006.2,25.844,16.149
2022-06-18 11:21:23.232277155,1006.2,1006.1,1006.2,25.844,5.466
2022-06-18 11:21:23.343883514,1006.2,1006.1,1006.2,34.027,5.466
2022-06-18 11:21:23.393213511,1006.2,1006.1,1006.2,34.027,5.566
2022-06-18 11:21:23.623123884,1006.2,1006.1,1006.2,24.912,14.681
2022-06-18 11:21:23.643789768,1006.2,1006.1,1006.2,27.302,14.681
2022-06-18 11:21:23.668120384,1006.2,1006.1,1006.2,27.302,25.364
2022-06-18 11:21:23.692281485,1006.2,1006.1,1006.2,19.119,34.885
2022-06-18 11:21:23.818116426,1006.2,1006.1,1006.2,19.119,25.364
2022-06-18 11:21:23.948612213,1006.2,1006.1,1006.2,19.119,30.464
2022-06-18 11:21:23.994361401,1006.2,1006.1,1006.2,21.119,30.464
2022-06-18 11:21:24.067525625,1006.2,1006.1,1006.2,19.119,30.464
2022-06-18 11:21:24.119111776,1006.2,1006.1,1006.2,17.473,30.464
2022-06-18 11:21:24.204774618,1005.8,1005.8,1006.2,50.617,30.464
2022-06-18 11:21:24.237122774,1005.8,1005.8,1006.2,50.617,25.864
2022-06-18 11:21:24.263253689,1005.8,1005.8,1006.2,37.697,25.864
2022-06-18 11:21:24.287210226,1005.8,1005.8,1006.0,39.685,5.1
2022-06-18 11:21:24.331268311,1005.8,1005.8,1006.0,32.668,5.171
2022-06-18 11:21:24.348052502,1005.8,1005.9,1006.0,1.646,5.171
2022-06-18 11:21:24.375974417,1005.8,1005.9,1006.0,34.088,5.171
2022-06-18 11:21:24.399187803,1005.8,1005.9,1006.0,60.627,5.171
2022-06-18 11:21:24.423627615,1005.8,1005.9,1006.0,69.815,5.171
2022-06-18 11:21:24.451104879,1005.8,1005.9,1006.0,91.217,5.171
2022-06-18 11:21:24.471727371,1005.8,1005.9,1006.0,103.532,5.171
2022-06-18 11:21:24.497244120,1005.8,1005.9,1006.0,103.532,14.208
2022-06-18 11:21:24.553432226,1005.8,1005.9,1006.0,102.185,14.208
2022-06-18 11:21:24.697097778,1005.8,1005.9,1006.0,100.185,14.208
2022-06-18 11:21:24.772683859,1005.8,1005.9,1006.0,100.445,14.208
2022-06-18 11:21:24.847289801,1005.8,1005.9,1006.0,100.445,14.308
2022-06-18 11:21:24.921431780,1005.8,1005.9,1006.0,100.445,14.32
2022-06-18 11:21:25.023364067,1006.1,1005.9,1006.2,100.445,15.081
2022-06-18 11:21:25.051210403,1006.1,1005.9,1006.2,100.185,5.966
2022-06-18 11:21:25.078185797,1006.1,1006.1,1006.2,20.504,5.966
2022-06-18 11:21:25.102567673,1006.1,1006.1,1006.2,59.441,5.966
2022-06-18 11:21:25.129683971,1006.1,1006.1,1006.2,68.289,5.966
2022-06-18 11:21:25.159963846,1006.1,1006.1,1006.2,60.117,5.966
2022-06-18 11:21:25.176277161,1006.1,1006.1,1006.2,62.117,7.612
2022-06-18 11:21:25.203281879,1006.1,1006.1,1006.2,62.117,21.749
2022-06-18 11:21:25.251473665,1006.1,1006.1,1006.2,60.117,21.749
2022-06-18 11:21:25.276570082,1006.1,1006.1,1006.2,60.117,22.249
2022-06-18 11:21:25.311273575,1006.1,1006.1,1006.2,63.334,22.249
2022-06-18 11:21:25.352875948,1006.1,1006.1,1006.2,65.334,22.249
2022-06-18 11:21:25.375253201,1006.1,1006.1,1006.2,65.334,22.349
2022-06-18 11:21:25.451317310,1006.1,1006.1,1006.2,63.334,22.349
2022-06-18 11:21:25.526300430,1006.1,1006.1,1006.2,63.334,20.703
2022-06-18 11:21:25.551452875,1006.1,1006.1,1006.2,63.334,11.666
2022-06-18 11:21:25.606147528,1006.1,1006.1,1006.2,63.334,13.312
2022-06-18 11:21:25.626507998,1006.1,1006.1,1006.2,62.312,13.312
2022-06-18 11:21:26.099886179,1006.1,1006.1,1006.2,62.312,11.666
2022-06-18 11:21:26.357490063,1006.1,1006.1,1006.2,59.095,11.666
2022-06-18 11:21:26.383194447,1006.1,1006.1,1006.2,59.095,12.166
2022-06-18 11:21:26.758394480,1006.1,1006.1,1006.2,59.095,13.812
2022-06-18 11:21:26.807627439,1006.1,1006.1,1006.2,62.811,13.812
2022-06-18 11:21:26.885969400,1006.1,1006.1,1006.2,7.201,13.812
2022-06-18 11:21:26.965178013,1006.1,1006.1,1006.2,12.831,13.812
2022-06-18 11:21:26.986971140,1006.1,1006.1,1006.2,3.716,22.927
2022-06-18 11:21:27.065960646,1006.1,1006.1,1006.2,3.716,37.127
2022-06-18 11:21:27.087401628,1006.1,1006.1,1006.2,14.477,33.182
2022-06-18 11:21:27.123415470,1006.1,1006.1,1006.2,9.814,33.182
2022-06-18 11:21:27.367743969,1006.2,1006.1,1006.2,9.814,33.178
2022-06-18 11:21:27.466941833,1006.2,1006.1,1006.2,18.929,33.178
2022-06-18 11:21:27.495251179,1006.2,1006.1,1006.2,9.814,33.178
2022-06-18 11:21:27.518085718,1006.2,1006.1,1006.2,9.814,33.678
2022-06-18 11:21:27.567976952,1006.2,1006.1,1006.2,11.814,33.678
2022-06-18 11:21:27.898023129,1006.2,1006.1,1006.2,11.814,26.678
2022-06-18 11:21:27.942615271,1006.2,1006.1,1006.2,20.929,26.678
2022-06-18 11:21:28.407880783,1006.2,1006.1,1006.2,11.814,26.678
2022-06-18 11:21:28.432523727,1006.2,1006.1,1006.2,9.814,26.678
2022-06-18 11:21:28.458220005,1006.2,1006.1,1006.2,0.293,26.678
2022-06-18 11:21:28.507946491,1006.2,1006.1,1006.2,0.996,26.678
2022-06-18 11:21:28.605944395,1006.2,1006.1,1006.2,0.703,26.678
2022-06-18 11:21:28.656749010,1006.2,1006.1,1006.2,0.703,27.571
2022-06-18 11:21:28.708281755,1006.2,1006.1,1006.2,0.703,27.771
2022-06-18 11:21:28.734578609,1006.2,1006.1,1006.2,0.703,28.271
2022-06-18 11:21:28.884011030,1006.2,1006.1,1006.2,0.703,28.361
2022-06-18 11:21:29.085983276,1006.2,1006.1,1006.2,0.703,54.38
2022-06-18 11:21:29.283586979,1006.2,1006.1,1006.2,0.703,53.487
2022-06-18 11:21:29.491402388,1006.2,1006.1,1006.2,10.224,53.487
2022-06-18 11:21:29.568385363,1006.2,1006.1,1006.2,0.703,54.392
2022-06-18 11:21:29.615559340,1006.2,1006.0,1006.2,6.697,54.392
2022-06-18 11:21:29.641845465,1006.2,1006.0,1006.2,6.697,49.292
2022-06-18 11:21:29.693923235,1006.2,1006.0,1006.1,6.697,24.119
2022-06-18 11:21:29.716521740,1006.2,1006.0,1006.1,6.697,35.118
2022-06-18 11:21:29.792393684,1006.2,1006.0,1006.1,11.774,35.118
2022-06-18 11:21:29.839795351,1006.2,1006.0,1006.1,11.774,36.764
2022-06-18 11:21:29.890148878,1006.2,1006.0,1006.1,13.774,36.764
2022-06-18 11:21:30.141329527,1006.2,1006.0,1006.1,6.425,36.764
2022-06-18 11:21:30.215996981,1006.2,1006.0,1006.1,6.425,46.93
2022-06-18 11:21:30.242240667,1006.2,1006.0,1006.1,6.425,52.2
2022-06-18 11:21:30.267740965,1006.2,1006.0,1006.1,11.776,52.2
2022-06-18 11:21:30.326183081,1006.2,1006.0,1006.1,20.891,53.188
2022-06-18 11:21:30.373364210,1006.2,1006.0,1006.1,20.891,51.542
2022-06-18 11:21:30.574628115,1006.2,1006.0,1006.1,20.891,46.442
2022-06-18 11:21:30.775006294,1006.2,1006.0,1006.1,20.891,46.942
2022-06-18 11:21:30.875183821,1006.2,1006.0,1006.1,11.776,46.942
2022-06-18 11:21:30.899370432,1006.2,1006.0,1006.1,11.776,48.588
2022-06-18 11:21:30.924752474,1006.2,1006.0,1006.1,11.776,53.688
2022-06-18 11:21:31.225322247,1006.1,1006.0,1006.1,11.776,49.718
2022-06-18 11:21:31.254247904,1006.0,1006.0,1006.1,7.81,49.718
2022-06-18 11:21:31.315469265,1006.0,1005.9,1006.0,12.533,14.281
2022-06-18 11:21:31.343418837,1006.0,1005.9,1006.0,12.533,40.507
2022-06-18 11:21:31.392165184,1006.0,1005.9,1006.0,34.065,42.153
2022-06-18 11:21:31.418754816,1006.0,1005.9,1006.0,45.351,42.153
2022-06-18 11:21:31.442458868,1006.0,1005.9,1006.0,36.181,42.153
2022-06-18 11:21:31.469021082,1006.0,1005.9,1006.0,51.296,42.153
2022-06-18 11:21:31.492969513,1006.0,1005.9,1006.0,42.181,42.153
2022-06-18 11:21:31.518512486,1006.0,1005.9,1006.0,48.181,42.984
2022-06-18 11:21:31.542049646,1006.0,1005.9,1006.0,36.895,42.984
2022-06-18 11:21:31.571240187,1006.0,1005.9,1006.0,42.265,42.984
2022-06-18 11:21:31.642305851,1006.0,1005.9,1006.0,44.265,41.338
2022-06-18 11:21:31.743697882,1006.0,1005.9,1006.0,44.265,21.458
2022-06-18 11:21:31.766431808,1006.0,1005.9,1006.0,32.265,21.958
2022-06-18 11:21:31.842749834,1006.0,1005.9,1006.0,44.644,21.958
2022-06-18 11:21:31.893238306,1006.0,1005.9,1006.0,44.644,12.921
2022-06-18 11:21:31.916584015,1006.0,1005.9,1006.0,32.282,12.921
2022-06-18 11:21:31.942575932,1006.0,1005.9,1006.0,38.282,12.921
2022-06-18 11:21:31.965693474,1006.0,1005.9,1006.0,44.282,12.921
2022-06-18 11:21:31.993904829,1006.0,1005.9,1006.0,57.182,12.921
2022-06-18 11:21:32.015887976,1006.0,1005.9,1006.0,51.182,13.021
2022-06-18 11:21:32.044291258,1006.0,1005.9,1006.1,51.182,8.636
2022-06-18 11:21:32.068075180,1006.0,1005.9,1006.1,71.065,8.636
2022-06-18 11:21:32.094511032,1006.0,1006.0,1006.1,0.703,8.636
2022-06-18 11:21:32.118196249,1006.0,1006.0,1006.1,32.002,8.636
2022-06-18 11:21:32.144824028,1006.0,1006.0,1006.1,31.901,8.636
2022-06-18 11:21:32.194842577,1006.0,1006.0,1006.1,31.901,17.751
2022-06-18 11:21:32.219648838,1006.0,1006.0,1006.1,31.901,19.397
2022-06-18 11:21:32.246590137,1006.0,1006.0,1006.1,37.901,19.397
2022-06-18 11:21:32.310070992,1006.0,1006.0,1006.1,31.901,19.397
2022-06-18 11:21:32.378389597,1006.0,1006.0,1006.1,37.901,19.397
2022-06-18 11:21:32.408121586,1006.0,1006.0,1006.1,37.198,19.397
2022-06-18 11:21:32.432984352,1006.0,1006.0,1006.1,31.198,24.497
2022-06-18 11:21:32.466948032,1006.0,1006.0,1006.1,19.198,24.497
2022-06-18 11:21:32.716878414,1006.0,1006.0,1006.1,19.198,24.597
2022-06-18 11:21:32.741460800,1006.0,1006.0,1006.1,19.198,22.951
2022-06-18 11:21:32.819582939,1006.0,1006.0,1006.1,21.198,17.781
2022-06-18 11:21:32.867654562,1006.0,1006.0,1006.1,36.44,17.781
2022-06-18 11:21:32.916973114,1006.0,1006.0,1006.1,36.44,18.281
2022-06-18 11:21:32.942589521,1006.0,1006.0,1006.1,55.037,18.281
2022-06-18 11:21:32.993192673,1006.0,1006.0,1006.1,43.037,18.281
2022-06-18 11:21:33.067958593,1006.0,1006.0,1006.1,49.037,9.166
2022-06-18 11:21:33.242934942,1006.0,1006.0,1006.1,49.037,11.147
2022-06-18 11:21:33.429499626,1006.0,1006.0,1006.1,43.037,11.147
2022-06-18 11:21:33.479402065,1006.0,1006.0,1006.1,36.44,11.147
2022-06-18 11:21:33.504565239,1006.0,1006.0,1006.1,48.44,11.147
2022-06-18 11:21:33.629948139,1006.0,1006.0,1006.1,48.44,20.262
2022-06-18 11:21:33.684604168,1006.1,1006.0,1006.1,48.44,16.292
2022-06-18 11:21:33.788078308,1006.1,1006.0,1006.1,48.44,7.177
2022-06-18 11:21:33.813363552,1006.1,1006.0,1006.1,54.113,7.177
2022-06-18 11:21:33.940322161,1006.0,1006.0,1006.1,52.113,7.177
2022-06-18 11:21:34.018886805,1006.0,1006.0,1006.1,52.113,2.581
2022-06-18 11:21:34.087758303,1006.0,1006.0,1006.1,52.113,12.118
2022-06-18 11:21:34.238671303,1006.0,1006.0,1006.1,46.44,12.118
2022-06-18 11:21:34.287970304,1006.0,1006.0,1006.1,46.44,10.137
2022-06-18 11:21:34.395948887,1006.0,1006.0,1006.1,46.44,12.462
2022-06-18 11:21:34.423048258,1006.0,1006.0,1006.1,31.198,21.577
2022-06-18 11:21:34.468406200,1006.0,1006.0,1006.1,19.198,21.577
2022-06-18 11:21:34.519304275,1006.0,1006.0,1006.1,13.637,23.223
2022-06-18 11:21:34.547356606,1006.0,1006.0,1006.1,34.886,23.223
2022-06-18 11:21:34.569157362,1006.0,1006.0,1006.1,34.886,28.323
2022-06-18 11:21:34.645388126,1006.0,1006.0,1006.1,28.886,28.323
2022-06-18 11:21:34.794559479,1006.0,1006.0,1006.1,23.148,28.323
2022-06-18 11:21:35.034442663,1006.0,1006.0,1006.1,29.323,28.323
2022-06-18 11:21:35.052721739,1006.0,1006.0,1006.1,23.323,28.323
2022-06-18 11:21:35.076147318,1006.0,1006.0,1006.1,8.074,28.823
2022-06-18 11:21:35.101436853,1006.0,1006.0,1006.1,12.074,28.823
2022-06-18 11:21:35.134095192,1006.0,1006.0,1006.1,22.014,28.823
2022-06-18 11:21:35.207861423,1006.0,1006.0,1006.1,22.014,36.023
2022-06-18 11:21:35.233323574,1006.0,1006.0,1006.1,22.014,34.377
2022-06-18 11:21:35.258622408,1006.0,1006.0,1006.1,16.014,34.377
2022-06-18 11:21:35.394032955,1006.0,1006.0,1006.1,16.014,25.262
2022-06-18 11:21:35.424810410,1006.0,1006.0,1006.1,22.014,25.262
2022-06-18 11:21:35.445135117,1006.0,1006.0,1006.1,22.014,22.937
2022-06-18 11:21:35.575622559,1006.0,1006.0,1006.1,22.014,22.938
2022-06-18 11:21:35.620563745,1006.0,1006.0,1006.1,28.014,24.964
2022-06-18 11:21:35.646919727,1006.0,1006.0,1006.1,28.014,26.61
2022-06-18 11:21:35.670555353,1006.0,1006.0,1006.1,22.014,26.61
2022-06-18 11:21:35.921346903,1006.0,1006.0,1006.1,22.014,24.964
2022-06-18 11:21:35.970899105,1006.0,1006.0,1006.1,16.014,24.964
2022-06-18 11:21:36.021695375,1006.0,1006.0,1006.1,16.014,31.78
2022-06-18 11:21:36.074227095,1006.0,1005.9,1006.1,18.002,31.78
2022-06-18 11:21:36.125546932,1006.0,1005.9,1006.0,12.533,12.713
2022-06-18 11:21:36.151442766,1006.0,1005.9,1006.0,12.533,39.259
2022-06-18 11:21:36.184687853,1005.9,1005.7,1005.8,8.356,15.5
2022-06-18 11:21:36.234080076,1005.9,1005.7,1005.8,7.333,65.5
2022-06-18 11:21:36.318041325,1005.9,1005.7,1005.8,23.98,55.1
2022-06-18 11:21:36.367555380,1005.9,1005.7,1005.8,3.864,64.135
2022-06-18 11:21:36.395067692,1005.7,1005.6,1005.8,2.0,64.135
2022-06-18 11:21:36.425431252,1005.7,1005.6,1005.8,2.0,37.325
2022-06-18 11:21:36.457891703,1005.7,1005.7,1005.8,0.3,31.325
2022-06-18 11:21:36.487676859,1005.7,1005.7,1005.8,0.3,43.555
2022-06-18 11:21:36.519235849,1005.7,1005.6,1005.7,4.0,9.115
2022-06-18 11:21:36.600988150,1005.7,1005.6,1005.7,4.0,21.415
2022-06-18 11:21:36.628485203,1005.7,1005.6,1005.7,15.895,23.061
2022-06-18 11:21:36.652930737,1005.7,1005.6,1005.7,15.895,28.233
2022-06-18 11:21:36.693246603,1005.7,1005.6,1005.7,5.0,28.233
2022-06-18 11:21:36.720812321,1005.7,1005.6,1005.7,5.0,30.233
2022-06-18 11:21:36.823276043,1005.6,1005.5,1005.7,9.257,30.233
2022-06-18 11:21:36.854960442,1005.6,1005.5,1005.7,9.397,25.133
2022-06-18 11:21:36.878480196,1005.6,1005.5,1005.6,18.671,8.694
2022-06-18 11:21:36.905987024,1005.6,1005.5,1005.6,18.671,74.262
2022-06-18 11:21:36.931679726,1005.6,1005.5,1005.6,9.424,74.262
2022-06-18 11:21:36.954455137,1005.6,1005.5,1005.6,9.424,76.097
2022-06-18 11:21:37.060531378,1005.6,1005.5,1005.6,18.539,76.097
2022-06-18 11:21:37.086475372,1005.6,1005.5,1005.6,38.43,76.097
2022-06-18 11:21:37.185872078,1005.6,1005.5,1005.6,38.43,72.451
2022-06-18 11:21:37.210183859,1005.6,1005.5,1005.6,29.156,72.451
2022-06-18 11:21:37.352639914,1005.6,1005.5,1005.6,29.156,63.757
2022-06-18 11:21:37.400016785,1005.6,1005.5,1005.6,29.156,63.857
2022-06-18 11:21:37.476524591,1005.6,1005.5,1005.6,29.156,62.022
2022-06-18 11:21:37.502829313,1005.6,1005.5,1005.6,37.803,63.668
2022-06-18 11:21:37.527371883,1005.6,1005.5,1005.6,43.574,63.668
2022-06-18 11:21:37.581544876,1005.6,1005.5,1005.6,43.574,65.304
2022-06-18 11:21:37.783740044,1005.6,1005.5,1005.6,34.459,65.304
2022-06-18 11:21:37.835784912,1005.6,1005.5,1005.6,34.459,63.658
2022-06-18 11:21:37.860346794,1005.6,1005.5,1005.6,34.459,40.262
2022-06-18 11:21:37.884466648,1005.6,1005.5,1005.6,34.459,33.062
2022-06-18 11:21:37.910224676,1005.6,1005.5,1005.6,46.459,27.962
2022-06-18 11:21:37.959422112,1005.6,1005.5,1005.6,34.459,29.608
2022-06-18 11:21:37.984824657,1005.6,1005.5,1005.6,34.459,27.962
2022-06-18 11:21:38.110545158,1005.6,1005.5,1005.6,34.459,27.972
2022-06-18 11:21:38.185970545,1005.6,1005.5,1005.6,40.428,28.472
2022-06-18 11:21:38.210040808,1005.6,1005.5,1005.6,42.167,28.472
2022-06-18 11:21:38.257997513,1005.6,1005.5,1005.6,42.167,26.826
2022-06-18 11:21:38.470149279,1005.6,1005.5,1005.6,48.167,26.826
2022-06-18 11:21:38.493906736,1005.6,1005.5,1005.6,54.167,26.826
2022-06-18 11:21:38.548148155,1005.6,1005.5,1005.6,48.167,26.826
2022-06-18 11:21:38.619195700,1005.6,1005.5,1005.6,48.167,28.472
2022-06-18 11:21:38.846882582,1005.6,1005.5,1005.6,42.167,33.572
2022-06-18 11:21:38.874948978,1005.6,1005.5,1005.6,36.396,33.572
2022-06-18 11:21:38.920972586,1005.6,1005.5,1005.6,36.396,35.572
2022-06-18 11:21:38.996898413,1005.6,1005.5,1005.6,36.396,42.772
2022-06-18 11:21:39.046699286,1005.6,1005.5,1005.6,36.396,41.126
2022-06-18 11:21:39.194409609,1005.6,1005.5,1005.6,41.874,41.126
2022-06-18 11:21:39.220862627,1005.6,1005.5,1005.6,35.905,41.126
2022-06-18 11:21:39.245925188,1005.6,1005.5,1005.6,34.166,41.126
2022-06-18 11:21:39.270597219,1005.6,1005.5,1005.6,28.688,41.126
2022-06-18 11:21:39.313045263,1005.6,1005.5,1005.6,32.601,41.126
2022-06-18 11:21:39.329935551,1005.6,1005.5,1005.6,42.073,41.126
2022-06-18 11:21:39.354356289,1005.6,1005.5,1005.6,42.073,41.626
2022-06-18 11:21:39.454720974,1005.6,1005.5,1005.6,22.182,41.626
2022-06-18 11:21:39.681205988,1005.6,1005.5,1005.6,27.66,41.626
2022-06-18 11:21:39.706629992,1005.6,1005.5,1005.6,27.665,41.626
2022-06-18 11:21:39.832907677,1005.6,1005.5,1005.6,27.665,34.426
2022-06-18 11:21:39.880450487,1005.6,1005.5,1005.6,27.665,32.426
2022-06-18 11:21:39.979704857,1005.6,1005.5,1005.6,33.77,32.426
2022-06-18 11:21:40.056781292,1005.6,1005.5,1005.6,22.187,32.426
2022-06-18 11:21:40.130163908,1005.6,1005.5,1005.6,22.187,34.072
2022-06-18 11:21:40.361093283,1005.6,1005.5,1005.6,18.274,34.072
2022-06-18 11:21:40.388312101,1005.6,1005.5,1005.6,9.052,34.072
2022-06-18 11:21:40.412451267,1005.6,1005.5,1005.6,9.052,34.572
2022-06-18 11:21:40.439851046,1005.6,1005.5,1005.6,12.964,32.926
2022-06-18 11:21:40.461460114,1005.6,1005.5,1005.6,13.097,32.926
2022-06-18 11:21:40.487758875,1005.6,1005.5,1005.6,24.212,32.926
2022-06-18 11:21:40.511754036,1005.6,1005.5,1005.6,22.212,32.926
2022-06-18 11:21:40.537919760,1005.6,1005.5,1005.6,30.784,32.926
2022-06-18 11:21:40.561926842,1005.6,1005.5,1005.6,44.355,32.926
2022-06-18 11:21:40.613073111,1005.6,1005.5,1005.6,44.355,27.826
2022-06-18 11:21:40.640473127,1005.6,1005.5,1005.6,44.355,18.789
2022-06-18 11:21:40.665191889,1005.6,1005.5,1005.6,70.655,1.6
2022-06-18 11:21:40.728876829,1005.6,1005.5,1005.7,70.655,0.5
2022-06-18 11:21:40.772131681,1005.6,1005.6,1005.7,6.0,0.5
2022-06-18 11:21:40.800046921,1005.6,1005.6,1005.7,75.787,0.5
2022-06-18 11:21:40.823542595,1005.6,1005.6,1005.7,89.764,0.5
2022-06-18 11:21:40.850180387,1005.6,1005.6,1005.7,85.749,9.537
2022-06-18 11:21:40.873686790,1005.6,1005.6,1005.7,87.562,9.537
